<?xml version="1.0" encoding="UTF-8"?>
<!DOCTYPE html PUBLIC "-//W3C//DTD XHTML 1.0 Transitional//EN"
    "http://www.w3.org/TR/xhtml1/DTD/xhtml1-transitional.dtd">
<html xmlns="http://www.w3.org/1999/xhtml" xml:lang="en" lang="en">
 <head>
  <title>
</title>
<meta http-equiv="Content-Type" content="text/html;charset=utf-8" />
  <meta name='ocr-system' content='tesseract 3.04.00' />
  <meta name='ocr-capabilities' content='ocr_page ocr_carea ocr_par ocr_line ocrx_word'/>
</head>
<body>
  <div class='ocr_page' id='page_1' title='image "./tlucreticarider00kelsgoog_0267.png"; bbox 0 0 2498 3894; ppageno 0'>
   <div class='ocr_carea' id='block_1_1' title="bbox 119 241 1022 315">
    <p class='ocr_par' dir='ltr' id='par_1_1' title="bbox 119 241 1022 315">
     <span class='ocr_line' id='line_1_1' title="bbox 119 241 1022 315; baseline 0.009 -25"><span class='ocrx_word' id='word_1_1' title='bbox 119 242 183 291; x_wconf 85' lang='lat'>202</span> <span class='ocrx_word' id='word_1_2' title='bbox 457 241 689 297; x_wconf 88' lang='lat' dir='ltr'><strong>LUCRETIUS</strong></span> <span class='ocrx_word' id='word_1_3' title='bbox 954 243 1022 315; x_wconf 88' lang='lat' dir='ltr'>[Vl.</span> 
     </span>
    </p>
   </div>
   <div class='ocr_carea' id='block_1_2' title="bbox 117 403 1025 3551">
    <p class='ocr_par' dir='ltr' id='par_1_2' title="bbox 117 403 1025 2381">
     <span class='ocr_line' id='line_1_2' title="bbox 118 403 848 480; baseline -0.001 -16"><span class='ocrx_word' id='word_1_4' title='bbox 118 415 253 480; x_wconf 88' lang='lat' dir='ltr'>tempore</span> <span class='ocrx_word' id='word_1_5' title='bbox 267 421 304 463; x_wconf 94' lang='lat' dir='ltr'>eo</span> <span class='ocrx_word' id='word_1_6' title='bbox 319 404 343 462; x_wconf 91' lang='lat' dir='ltr'>si</span> <span class='ocrx_word' id='word_1_7' title='bbox 357 403 506 463; x_wconf 74' lang='lat' dir='ltr'><strong>odoratast</strong></span> <span class='ocrx_word' id='word_1_8' title='bbox 520 422 580 478; x_wconf 92' lang='lat' dir='ltr'>quo</span> <span class='ocrx_word' id='word_1_9' title='bbox 594 413 743 462; x_wconf 89' lang='lat' dir='ltr'>menstrua</span> <span class='ocrx_word' id='word_1_10' title='bbox 756 403 848 464; x_wconf 91' lang='lat' dir='ltr'>solvit.</span> 
     </span>
     <span class='ocr_line' id='line_1_3' title="bbox 118 495 913 571; baseline 0 -17"><span class='ocrx_word' id='word_1_11' title='bbox 118 497 267 571; x_wconf 90' lang='lat' dir='ltr'>multaque</span> <span class='ocrx_word' id='word_1_12' title='bbox 281 504 431 570; x_wconf 90' lang='lat' dir='ltr'>praeterea</span> <span class='ocrx_word' id='word_1_13' title='bbox 444 495 609 570; x_wconf 88' lang='lat' dir='ltr'>languentia</span> <span class='ocrx_word' id='word_1_14' title='bbox 623 495 756 553; x_wconf 90' lang='lat' dir='ltr'>membra</span> <span class='ocrx_word' id='word_1_15' title='bbox 768 513 822 571; x_wconf 92' lang='lat' dir='ltr'>per</span> <span class='ocrx_word' id='word_1_16' title='bbox 835 505 913 554; x_wconf 89' lang='lat' dir='ltr'>artus</span> 
     </span>
     <span class='ocr_line' id='line_1_4' title="bbox 119 586 902 661; baseline 0.001 -17"><span class='ocrx_word' id='word_1_17' title='bbox 119 587 234 645; x_wconf 89' lang='lat' dir='ltr'>solvunt</span> <span class='ocrx_word' id='word_1_18' title='bbox 247 595 335 661; x_wconf 89' lang='lat' dir='ltr'>atque</span> <span class='ocrx_word' id='word_1_19' title='bbox 350 586 476 643; x_wconf 89' lang='lat' dir='ltr'>animam</span> <span class='ocrx_word' id='word_1_20' title='bbox 492 586 667 643; x_wconf 83' lang='lat' dir='ltr'>labefactant</span> <span class='ocrx_word' id='word_1_21' title='bbox 681 586 800 645; x_wconf 89' lang='lat' dir='ltr'>sedibus</span> <span class='ocrx_word' id='word_1_22' title='bbox 814 587 902 645; x_wconf 85' lang='lat' dir='ltr'>intus.</span> 
     </span>
     <span class='ocr_line' id='line_1_5' title="bbox 120 678 793 754; baseline -0.001 -16"><span class='ocrx_word' id='word_1_23' title='bbox 120 679 247 754; x_wconf 91' lang='lat' dir='ltr'>denique</span> <span class='ocrx_word' id='word_1_24' title='bbox 263 680 286 737; x_wconf 90' lang='lat' dir='ltr'>si</span> <span class='ocrx_word' id='word_1_25' title='bbox 301 678 401 736; x_wconf 85' lang='lat' dir='ltr'><strong>calidis</strong></span> <span class='ocrx_word' id='word_1_26' title='bbox 416 679 503 736; x_wconf 86' lang='lat' dir='ltr'>etiam</span> <span class='ocrx_word' id='word_1_27' title='bbox 519 689 656 736; x_wconf 84' lang='lat' dir='ltr'>cunctare</span> <span class='ocrx_word' id='word_1_28' title='bbox 671 679 793 738; x_wconf 85' lang='lat' dir='ltr'>lavabris</span> 
     </span>
     <span class='ocr_line' id='line_1_6' title="bbox 119 769 1025 847; baseline 0 -19"><span class='ocrx_word' id='word_1_29' title='bbox 119 771 233 847; x_wconf 90' lang='lat' dir='ltr'>plenior</span> <span class='ocrx_word' id='word_1_30' title='bbox 247 779 276 827; x_wconf 93' lang='lat' dir='ltr'>et</span> <span class='ocrx_word' id='word_1_31' title='bbox 289 769 399 841; x_wconf 88' lang='lat' dir='ltr'>laveris,</span> <span class='ocrx_word' id='word_1_32' title='bbox 415 770 488 828; x_wconf 93' lang='lat' dir='ltr'>solio</span> <span class='ocrx_word' id='word_1_33' title='bbox 503 770 638 826; x_wconf 85' lang='lat' dir='ltr'>ferventis</span> <span class='ocrx_word' id='word_1_34' title='bbox 652 770 740 843; x_wconf 90' lang='lat' dir='ltr'>aquai</span> <span class='ocrx_word' id='word_1_35' title='bbox 974 777 1025 828; x_wconf 86' lang='lat'>800</span> 
     </span>
     <span class='ocr_line' id='line_1_7' title="bbox 120 858 869 935; baseline 0.003 -18"><span class='ocrx_word' id='word_1_36' title='bbox 120 879 209 935; x_wconf 91' lang='lat' dir='ltr'>quam</span> <span class='ocrx_word' id='word_1_37' title='bbox 223 860 306 918; x_wconf 88' lang='lat' dir='ltr'>facile</span> <span class='ocrx_word' id='word_1_38' title='bbox 320 860 350 917; x_wconf 92' lang='lat' dir='ltr'>in</span> <span class='ocrx_word' id='word_1_39' title='bbox 365 860 464 918; x_wconf 90' lang='lat' dir='ltr'>medio</span> <span class='ocrx_word' id='word_1_40' title='bbox 479 861 512 918; x_wconf 85' lang='lat' dir='ltr'>lit</span> <span class='ocrx_word' id='word_1_41' title='bbox 526 859 567 917; x_wconf 90' lang='lat' dir='ltr'>uti</span> <span class='ocrx_word' id='word_1_42' title='bbox 582 858 636 918; x_wconf 91' lang='lat' dir='ltr'>des</span> <span class='ocrx_word' id='word_1_43' title='bbox 650 878 739 935; x_wconf 86' lang='lat' dir='ltr'>saepe</span> <span class='ocrx_word' id='word_1_44' title='bbox 753 860 849 920; x_wconf 88' lang='lat' dir='ltr'>ruinas</span> <span class='ocrx_word' id='word_1_45' title='bbox 862 863 869 919; x_wconf 87' lang='lat' dir='ltr'>l</span> 
     </span>
     <span class='ocr_line' id='line_1_8' title="bbox 120 949 868 1026; baseline 0.001 -18"><span class='ocrx_word' id='word_1_46' title='bbox 120 952 339 1026; x_wconf 89' lang='lat' dir='ltr'>carbonumque</span> <span class='ocrx_word' id='word_1_47' title='bbox 354 952 447 1024; x_wconf 87' lang='lat' dir='ltr'>gravis</span> <span class='ocrx_word' id='word_1_48' title='bbox 460 951 502 1009; x_wconf 91' lang='lat' dir='ltr'>vis</span> <span class='ocrx_word' id='word_1_49' title='bbox 516 961 604 1025; x_wconf 89' lang='lat' dir='ltr'>atque</span> <span class='ocrx_word' id='word_1_50' title='bbox 619 949 695 1008; x_wconf 93' lang='lat' dir='ltr'>odor</span> <span class='ocrx_word' id='word_1_51' title='bbox 708 951 868 1010; x_wconf 84' lang='lat' dir='ltr'>insinuatur</span> 
     </span>
     <span class='ocr_line' id='line_1_9' title="bbox 120 1041 1024 1117; baseline 0.003 -19"><span class='ocrx_word' id='word_1_52' title='bbox 120 1059 209 1115; x_wconf 89' lang='lat' dir='ltr'>quarn</span> <span class='ocrx_word' id='word_1_53' title='bbox 223 1042 306 1100; x_wconf 84' lang='lat' dir='ltr'>facile</span> <span class='ocrx_word' id='word_1_54' title='bbox 321 1043 351 1100; x_wconf 92' lang='lat' dir='ltr'>in</span> <span class='ocrx_word' id='word_1_55' title='bbox 364 1042 525 1113; x_wconf 88' lang='lat' dir='ltr'>cerebrum,</span> <span class='ocrx_word' id='word_1_56' title='bbox 537 1041 591 1098; x_wconf 92' lang='lat' dir='ltr'>nisi</span> <span class='ocrx_word' id='word_1_57' title='bbox 602 1059 708 1116; x_wconf 90' lang='lat' dir='ltr'>aquam</span> <span class='ocrx_word' id='word_1_58' title='bbox 722 1043 924 1117; x_wconf 86' lang='lat' dir='ltr'>praecepimus</span> <span class='ocrx_word' id='word_1_59' title='bbox 935 1050 1004 1100; x_wconf 90' lang='lat' dir='ltr'>ante</span> <span class='ocrx_word' id='word_1_60' title='bbox 1018 1045 1024 1101; x_wconf 95' lang='lat' dir='ltr'>l</span> 
     </span>
     <span class='ocr_line' id='line_1_10' title="bbox 119 1132 896 1207; baseline 0.003 -18"><span class='ocrx_word' id='word_1_61' title='bbox 119 1142 149 1190; x_wconf 93' lang='lat' dir='ltr'>at</span> <span class='ocrx_word' id='word_1_62' title='bbox 162 1151 230 1189; x_wconf 89' lang='lat' dir='ltr'>cum</span> <span class='ocrx_word' id='word_1_63' title='bbox 244 1135 375 1192; x_wconf 87' lang='lat' dir='ltr'>membra</span> <span class='ocrx_word' id='word_1_64' title='bbox 389 1133 494 1190; x_wconf 88' lang='lat' dir='ltr'>domus</span> <span class='ocrx_word' id='word_1_65' title='bbox 508 1133 641 1207; x_wconf 89' lang='lat' dir='ltr'>percepit</span> <span class='ocrx_word' id='word_1_66' title='bbox 655 1132 785 1206; x_wconf 86' lang='lat' dir='ltr'>fervidu’,</span> <span class='ocrx_word' id='word_1_67' title='bbox 800 1134 896 1192; x_wconf 86' lang='lat' dir='ltr'>nervis</span> 
     </span>
     <span class='ocr_line' id='line_1_11' title="bbox 119 1222 1022 1299; baseline 0.003 -20"><span class='ocrx_word' id='word_1_68' title='bbox 119 1231 182 1279; x_wconf 90' lang='lat' dir='ltr'>tum</span> <span class='ocrx_word' id='word_1_69' title='bbox 196 1223 229 1280; x_wconf 87' lang='lat' dir='ltr'>fit</span> <span class='ocrx_word' id='word_1_70' title='bbox 243 1223 317 1281; x_wconf 90' lang='lat' dir='ltr'>odor</span> <span class='ocrx_word' id='word_1_71' title='bbox 330 1225 382 1282; x_wconf 93' lang='lat' dir='ltr'>viri</span> <span class='ocrx_word' id='word_1_72' title='bbox 394 1224 497 1299; x_wconf 85' lang='lat' dir='ltr'>plagae</span> <span class='ocrx_word' id='word_1_73' title='bbox 511 1222 672 1280; x_wconf 88' lang='lat' dir='ltr'>mactabilis</span> <span class='ocrx_word' id='word_1_74' title='bbox 687 1223 783 1280; x_wconf 87' lang='lat' dir='ltr'>instar.</span> <span class='ocrx_word' id='word_1_75' title='bbox 973 1229 1022 1297; x_wconf 82' lang='lat'>805&#39;</span> 
     </span>
     <span class='ocr_line' id='line_1_12' title="bbox 119 1313 873 1388; baseline 0.001 -18"><span class='ocrx_word' id='word_1_76' title='bbox 119 1331 218 1371; x_wconf 88' lang='lat' dir='ltr'>nonne</span> <span class='ocrx_word' id='word_1_77' title='bbox 233 1313 314 1372; x_wconf 90' lang='lat' dir='ltr'>vides</span> <span class='ocrx_word' id='word_1_78' title='bbox 328 1314 416 1372; x_wconf 90' lang='lat' dir='ltr'>etiam</span> <span class='ocrx_word' id='word_1_79' title='bbox 430 1323 505 1371; x_wconf 90' lang='lat' dir='ltr'>terra</span> <span class='ocrx_word' id='word_1_80' title='bbox 518 1331 638 1388; x_wconf 93' lang='lat' dir='ltr'>quoque</span> <span class='ocrx_word' id='word_1_81' title='bbox 653 1314 752 1388; x_wconf 87' lang='lat' dir='ltr'>sulpur</span> <span class='ocrx_word' id='word_1_82' title='bbox 765 1313 795 1370; x_wconf 91' lang='lat' dir='ltr'>in</span> <span class='ocrx_word' id='word_1_83' title='bbox 810 1313 873 1387; x_wconf 93' lang='lat' dir='ltr'>ipsa</span> 
     </span>
     <span class='ocr_line' id='line_1_13' title="bbox 119 1403 858 1478; baseline 0 -18"><span class='ocrx_word' id='word_1_84' title='bbox 119 1404 230 1478; x_wconf 83' lang='lat' dir='ltr'>gignier</span> <span class='ocrx_word' id='word_1_85' title='bbox 245 1414 274 1461; x_wconf 90' lang='lat' dir='ltr'>et</span> <span class='ocrx_word' id='word_1_86' title='bbox 288 1413 380 1462; x_wconf 89' lang='lat' dir='ltr'>taetro</span> <span class='ocrx_word' id='word_1_87' title='bbox 394 1420 585 1461; x_wconf 84' lang='lat' dir='ltr'>concrescere</span> <span class='ocrx_word' id='word_1_88' title='bbox 600 1403 693 1461; x_wconf 93' lang='lat' dir='ltr'>odore</span> <span class='ocrx_word' id='word_1_89' title='bbox 708 1404 858 1475; x_wconf 87' lang='lat' dir='ltr'>bitumen;</span> 
     </span>
     <span class='ocr_line' id='line_1_14' title="bbox 119 1493 833 1570; baseline -0.001 -19"><span class='ocrx_word' id='word_1_90' title='bbox 119 1493 247 1568; x_wconf 90' lang='lat' dir='ltr'>denique</span> <span class='ocrx_word' id='word_1_91' title='bbox 262 1495 311 1553; x_wconf 92' lang='lat' dir='ltr'>ubi</span> <span class='ocrx_word' id='word_1_92' title='bbox 325 1494 435 1570; x_wconf 87' lang='lat' dir='ltr'>argenti</span> <span class='ocrx_word' id='word_1_93' title='bbox 449 1511 538 1551; x_wconf 91' lang='lat' dir='ltr'>venas</span> <span class='ocrx_word' id='word_1_94' title='bbox 553 1494 673 1568; x_wconf 89' lang='lat' dir='ltr'>aurique</span> <span class='ocrx_word' id='word_1_95' title='bbox 687 1502 833 1564; x_wconf 89' lang='lat' dir='ltr'>secuntur,</span> 
     </span>
     <span class='ocr_line' id='line_1_15' title="bbox 118 1583 720 1659; baseline -0.002 -18"><span class='ocrx_word' id='word_1_96' title='bbox 118 1584 203 1641; x_wconf 90' lang='lat' dir='ltr'>terrai</span> <span class='ocrx_word' id='word_1_97' title='bbox 217 1584 333 1659; x_wconf 91' lang='lat' dir='ltr'>penitus</span> <span class='ocrx_word' id='word_1_98' title='bbox 348 1593 509 1642; x_wconf 85' lang='lat' dir='ltr'>scrutantes</span> <span class='ocrx_word' id='word_1_99' title='bbox 523 1584 623 1641; x_wconf 88' lang='lat' dir='ltr'>abdita</span> <span class='ocrx_word' id='word_1_100' title='bbox 636 1583 720 1655; x_wconf 83' lang='lat' dir='ltr'>serre,</span> 
     </span>
     <span class='ocr_line' id='line_1_16' title="bbox 119 1673 1023 1750; baseline 0.002 -20"><span class='ocrx_word' id='word_1_101' title='bbox 119 1673 210 1748; x_wconf 92' lang='lat' dir='ltr'>qualis</span> <span class='ocrx_word' id='word_1_102' title='bbox 225 1674 335 1748; x_wconf 85' lang='lat' dir='ltr'>expiret</span> <span class='ocrx_word' id='word_1_103' title='bbox 350 1674 538 1750; x_wconf 88' lang='lat' dir='ltr'>Scaptensula</span> <span class='ocrx_word' id='word_1_104' title='bbox 552 1674 651 1732; x_wconf 87' lang='lat' dir='ltr'>subter</span> <span class='ocrx_word' id='word_1_105' title='bbox 664 1673 792 1733; x_wconf 87' lang='lat' dir='ltr'>odores?</span> <span class='ocrx_word' id='word_1_106' title='bbox 972 1681 1023 1732; x_wconf 90' lang='lat'>810</span> 
     </span>
     <span class='ocr_line' id='line_1_17' title="bbox 118 1762 809 1838; baseline 0.006 -19"><span class='ocrx_word' id='word_1_107' title='bbox 118 1762 226 1838; x_wconf 92' lang='lat' dir='ltr'>quidve</span> <span class='ocrx_word' id='word_1_108' title='bbox 241 1765 308 1822; x_wconf 89' lang='lat' dir='ltr'>mali</span> <span class='ocrx_word' id='word_1_109' title='bbox 323 1765 355 1822; x_wconf 87' lang='lat' dir='ltr'>fit</span> <span class='ocrx_word' id='word_1_110' title='bbox 369 1774 402 1822; x_wconf 90' lang='lat' dir='ltr'>ut</span> <span class='ocrx_word' id='word_1_111' title='bbox 415 1764 549 1822; x_wconf 89' lang='lat' dir='ltr'>exhalent</span> <span class='ocrx_word' id='word_1_112' title='bbox 564 1773 663 1821; x_wconf 89' lang='lat' dir='ltr'>aurata</span> <span class='ocrx_word' id='word_1_113' title='bbox 676 1765 809 1823; x_wconf 88' lang='lat' dir='ltr'>metalla!</span> 
     </span>
     <span class='ocr_line' id='line_1_18' title="bbox 118 1853 911 1930; baseline 0.005 -20"><span class='ocrx_word' id='word_1_114' title='bbox 118 1871 191 1928; x_wconf 88' lang='lat' dir='ltr'>quas</span> <span class='ocrx_word' id='word_1_115' title='bbox 205 1853 356 1913; x_wconf 90' lang='lat' dir='ltr'>hominum</span> <span class='ocrx_word' id='word_1_116' title='bbox 370 1854 497 1913; x_wconf 91' lang='lat' dir='ltr'>reddunt</span> <span class='ocrx_word' id='word_1_117' title='bbox 511 1855 599 1912; x_wconf 83' lang='lat' dir='ltr'>facies</span> <span class='ocrx_word' id='word_1_118' title='bbox 613 1855 764 1930; x_wconf 89' lang='lat' dir='ltr'>qualisque</span> <span class='ocrx_word' id='word_1_119' title='bbox 779 1855 911 1914; x_wconf 88' lang='lat' dir='ltr'>coloresl</span> 
     </span>
     <span class='ocr_line' id='line_1_19' title="bbox 117 1944 849 2021; baseline 0.003 -19"><span class='ocrx_word' id='word_1_120' title='bbox 117 1963 217 2002; x_wconf 92' lang='lat' dir='ltr'>nonne</span> <span class='ocrx_word' id='word_1_121' title='bbox 232 1944 313 2003; x_wconf 92' lang='lat' dir='ltr'>vides</span> <span class='ocrx_word' id='word_1_122' title='bbox 328 1945 446 2002; x_wconf 90' lang='lat' dir='ltr'>audisve</span> <span class='ocrx_word' id='word_1_123' title='bbox 460 1944 553 2020; x_wconf 90' lang='lat' dir='ltr'>perire</span> <span class='ocrx_word' id='word_1_124' title='bbox 569 1945 745 2019; x_wconf 90' lang='lat' dir='ltr'>intempore</span> <span class='ocrx_word' id='word_1_125' title='bbox 760 1964 849 2021; x_wconf 90' lang='lat' dir='ltr'>parvo</span> 
     </span>
     <span class='ocr_line' id='line_1_20' title="bbox 118 2034 761 2110; baseline 0.003 -20"><span class='ocrx_word' id='word_1_126' title='bbox 118 2052 206 2109; x_wconf 91' lang='lat' dir='ltr'>quam</span> <span class='ocrx_word' id='word_1_127' title='bbox 221 2036 333 2093; x_wconf 89' lang='lat' dir='ltr'>soleant</span> <span class='ocrx_word' id='word_1_128' title='bbox 347 2045 377 2093; x_wconf 88' lang='lat' dir='ltr'>et</span> <span class='ocrx_word' id='word_1_129' title='bbox 391 2053 479 2110; x_wconf 90' lang='lat' dir='ltr'>quarn</span> <span class='ocrx_word' id='word_1_130' title='bbox 493 2034 561 2092; x_wconf 88' lang='lat' dir='ltr'>vitai</span> <span class='ocrx_word' id='word_1_131' title='bbox 576 2036 662 2110; x_wconf 90' lang='lat' dir='ltr'>copia</span> <span class='ocrx_word' id='word_1_132' title='bbox 676 2035 761 2107; x_wconf 89' lang='lat' dir='ltr'>desit,</span> 
     </span>
     <span class='ocr_line' id='line_1_21' title="bbox 118 2125 1020 2200; baseline 0 -18"><span class='ocrx_word' id='word_1_133' title='bbox 118 2143 192 2199; x_wconf 92' lang='lat' dir='ltr'>quos</span> <span class='ocrx_word' id='word_1_134' title='bbox 207 2144 296 2200; x_wconf 90' lang='lat' dir='ltr'>opere</span> <span class='ocrx_word' id='word_1_135' title='bbox 310 2127 341 2183; x_wconf 93' lang='lat' dir='ltr'>in</span> <span class='ocrx_word' id='word_1_136' title='bbox 355 2127 404 2184; x_wconf 87' lang='lat' dir='ltr'>tali</span> <span class='ocrx_word' id='word_1_137' title='bbox 418 2126 537 2183; x_wconf 86' lang='lat' dir='ltr'>cohibet</span> <span class='ocrx_word' id='word_1_138' title='bbox 553 2125 596 2183; x_wconf 90' lang='lat' dir='ltr'>vis</span> <span class='ocrx_word' id='word_1_139' title='bbox 610 2145 716 2199; x_wconf 89' lang='lat' dir='ltr'>magna</span> <span class='ocrx_word' id='word_1_140' title='bbox 729 2126 879 2184; x_wconf 86' lang='lat' dir='ltr'>necessis?</span> <span class='ocrx_word' id='word_1_141' title='bbox 971 2132 1020 2198; x_wconf 81' lang='lat'>815</span> 
     </span>
     <span class='ocr_line' id='line_1_22' title="bbox 118 2214 752 2290; baseline 0 -18"><span class='ocrx_word' id='word_1_142' title='bbox 118 2214 172 2273; x_wconf 92' lang='lat' dir='ltr'>hos</span> <span class='ocrx_word' id='word_1_143' title='bbox 186 2217 272 2290; x_wconf 89' lang='lat' dir='ltr'>igitur</span> <span class='ocrx_word' id='word_1_144' title='bbox 287 2217 370 2275; x_wconf 90' lang='lat' dir='ltr'>tellus</span> <span class='ocrx_word' id='word_1_145' title='bbox 384 2217 479 2274; x_wconf 91' lang='lat' dir='ltr'>omnis</span> <span class='ocrx_word' id='word_1_146' title='bbox 494 2225 643 2273; x_wconf 88' lang='lat' dir='ltr'>exaestuat</span> <span class='ocrx_word' id='word_1_147' title='bbox 656 2226 752 2273; x_wconf 88' lang='lat' dir='ltr'>aestus</span> 
     </span>
     <span class='ocr_line' id='line_1_23' title="bbox 118 2306 872 2381; baseline 0.003 -19"><span class='ocrx_word' id='word_1_148' title='bbox 118 2307 285 2380; x_wconf 88' lang='lat' dir='ltr'>expiratque</span> <span class='ocrx_word' id='word_1_149' title='bbox 301 2308 375 2365; x_wconf 83' lang='lat' dir='ltr'>foras</span> <span class='ocrx_word' id='word_1_150' title='bbox 390 2308 420 2363; x_wconf 91' lang='lat' dir='ltr'>in</span> <span class='ocrx_word' id='word_1_151' title='bbox 434 2317 565 2381; x_wconf 87' lang='lat' dir='ltr'>apertum</span> <span class='ocrx_word' id='word_1_152' title='bbox 580 2317 775 2380; x_wconf 89' lang='lat' dir='ltr'>promptaque</span> <span class='ocrx_word' id='word_1_153' title='bbox 790 2306 872 2365; x_wconf 84' lang='lat' dir='ltr'>caeli.</span> 
     </span>
    </p>

    <p class='ocr_par' dir='ltr' id='par_1_3' title="bbox 117 2396 1023 3460">
     <span class='ocr_line' id='line_1_24' title="bbox 158 2396 903 2454; baseline -0.001 0"><span class='ocrx_word' id='word_1_154' title='bbox 158 2397 205 2454; x_wconf 87' lang='lat' dir='ltr'>Sic</span> <span class='ocrx_word' id='word_1_155' title='bbox 219 2406 248 2453; x_wconf 92' lang='lat' dir='ltr'>et</span> <span class='ocrx_word' id='word_1_156' title='bbox 262 2399 376 2454; x_wconf 90' lang='lat' dir='ltr'>Averna</span> <span class='ocrx_word' id='word_1_157' title='bbox 390 2398 455 2454; x_wconf 92' lang='lat' dir='ltr'>loca</span> <span class='ocrx_word' id='word_1_158' title='bbox 469 2397 584 2454; x_wconf 87' lang='lat' dir='ltr'>alitibus</span> <span class='ocrx_word' id='word_1_159' title='bbox 599 2397 777 2453; x_wconf 86' lang='lat' dir='ltr'>summittere</span> <span class='ocrx_word' id='word_1_160' title='bbox 793 2396 903 2453; x_wconf 90' lang='lat' dir='ltr'>debent</span> 
     </span>
     <span class='ocr_line' id='line_1_25' title="bbox 117 2486 862 2560; baseline 0.003 -18"><span class='ocrx_word' id='word_1_161' title='bbox 117 2487 294 2543; x_wconf 89' lang='lat' dir='ltr'>mortiferam</span> <span class='ocrx_word' id='word_1_162' title='bbox 308 2487 376 2558; x_wconf 86' lang='lat' dir='ltr'>vim,</span> <span class='ocrx_word' id='word_1_163' title='bbox 391 2486 429 2544; x_wconf 93' lang='lat' dir='ltr'>de</span> <span class='ocrx_word' id='word_1_164' title='bbox 444 2497 518 2543; x_wconf 89' lang='lat' dir='ltr'>terra</span> <span class='ocrx_word' id='word_1_165' title='bbox 532 2504 608 2560; x_wconf 92' lang='lat' dir='ltr'>quae</span> <span class='ocrx_word' id='word_1_166' title='bbox 623 2487 711 2560; x_wconf 90' lang='lat' dir='ltr'>surgit</span> <span class='ocrx_word' id='word_1_167' title='bbox 726 2486 755 2542; x_wconf 92' lang='lat' dir='ltr'>iu</span> <span class='ocrx_word' id='word_1_168' title='bbox 770 2504 862 2557; x_wconf 81' lang='lat' dir='ltr'>aura5‚</span> 
     </span>
     <span class='ocr_line' id='line_1_26' title="bbox 117 2575 1023 2651; baseline -0.002 -17"><span class='ocrx_word' id='word_1_169' title='bbox 117 2586 150 2634; x_wconf 89' lang='lat' dir='ltr'>ut</span> <span class='ocrx_word' id='word_1_170' title='bbox 164 2578 288 2651; x_wconf 89' lang='lat' dir='ltr'>spatium</span> <span class='ocrx_word' id='word_1_171' title='bbox 303 2578 376 2634; x_wconf 89' lang='lat' dir='ltr'>caeli</span> <span class='ocrx_word' id='word_1_172' title='bbox 390 2576 516 2651; x_wconf 89' lang='lat' dir='ltr'>quadam</span> <span class='ocrx_word' id='word_1_173' title='bbox 532 2575 569 2634; x_wconf 93' lang='lat' dir='ltr'>de</span> <span class='ocrx_word' id='word_1_174' title='bbox 584 2585 665 2650; x_wconf 85' lang='lat' dir='ltr'>parte</span> <span class='ocrx_word' id='word_1_175' title='bbox 680 2586 827 2649; x_wconf 88' lang='lat' dir='ltr'>venenet;</span> <span class='ocrx_word' id='word_1_176' title='bbox 972 2581 1023 2634; x_wconf 88' lang='lat'>820</span> 
     </span>
     <span class='ocr_line' id='line_1_27' title="bbox 118 2666 825 2742; baseline 0 -19"><span class='ocrx_word' id='word_1_177' title='bbox 118 2684 177 2739; x_wconf 95' lang='lat' dir='ltr'>quo</span> <span class='ocrx_word' id='word_1_178' title='bbox 192 2667 321 2724; x_wconf 87' lang='lat' dir='ltr'>simulac</span> <span class='ocrx_word' id='word_1_179' title='bbox 335 2667 463 2742; x_wconf 90' lang='lat' dir='ltr'>primum</span> <span class='ocrx_word' id='word_1_180' title='bbox 479 2668 582 2741; x_wconf 92' lang='lat' dir='ltr'>pennis</span> <span class='ocrx_word' id='word_1_181' title='bbox 597 2666 693 2722; x_wconf 87' lang='lat' dir='ltr'>delata</span> <span class='ocrx_word' id='word_1_182' title='bbox 707 2667 743 2723; x_wconf 90' lang='lat' dir='ltr'>sit</span> <span class='ocrx_word' id='word_1_183' title='bbox 757 2666 825 2737; x_wconf 79' lang='lat' dir='ltr'>alea,</span> 
     </span>
     <span class='ocr_line' id='line_1_28' title="bbox 118 2756 738 2831; baseline 0 -18"><span class='ocrx_word' id='word_1_184' title='bbox 118 2756 292 2831; x_wconf 90' lang='lat' dir='ltr'>impediatur</span> <span class='ocrx_word' id='word_1_185' title='bbox 306 2757 346 2814; x_wconf 89' lang='lat' dir='ltr'>ibi</span> <span class='ocrx_word' id='word_1_186' title='bbox 360 2775 452 2814; x_wconf 87' lang='lat' dir='ltr'>caeco</span> <span class='ocrx_word' id='word_1_187' title='bbox 467 2768 598 2831; x_wconf 88' lang='lat' dir='ltr'>correpta</span> <span class='ocrx_word' id='word_1_188' title='bbox 611 2774 738 2827; x_wconf 88' lang='lat' dir='ltr'>venenu,</span> 
     </span>
     <span class='ocr_line' id='line_1_29' title="bbox 117 2845 802 2921; baseline 0.001 -19"><span class='ocrx_word' id='word_1_189' title='bbox 117 2855 151 2903; x_wconf 95' lang='lat' dir='ltr'>ut</span> <span class='ocrx_word' id='word_1_190' title='bbox 165 2847 249 2903; x_wconf 89' lang='lat' dir='ltr'>cadat</span> <span class='ocrx_word' id='word_1_191' title='bbox 263 2864 279 2905; x_wconf 92' lang='lat' dir='ltr'>e</span> <span class='ocrx_word' id='word_1_192' title='bbox 293 2847 413 2921; x_wconf 87' lang='lat' dir='ltr'>regione</span> <span class='ocrx_word' id='word_1_193' title='bbox 427 2845 492 2914; x_wconf 83' lang='lat' dir='ltr'>loci,</span> <span class='ocrx_word' id='word_1_194' title='bbox 508 2864 564 2919; x_wconf 89' lang='lat' dir='ltr'>qua</span> <span class='ocrx_word' id='word_1_195' title='bbox 578 2846 682 2920; x_wconf 90' lang='lat' dir='ltr'>derigit</span> <span class='ocrx_word' id='word_1_196' title='bbox 697 2855 802 2904; x_wconf 90' lang='lat' dir='ltr'>aestus.</span> 
     </span>
     <span class='ocr_line' id='line_1_30' title="bbox 118 2934 834 3010; baseline 0.004 -18"><span class='ocrx_word' id='word_1_197' title='bbox 118 2953 259 3010; x_wconf 90' lang='lat' dir='ltr'>quocum</span> <span class='ocrx_word' id='word_1_198' title='bbox 274 2937 397 3006; x_wconf 83' lang='lat' dir='ltr'>conruit,</span> <span class='ocrx_word' id='word_1_199' title='bbox 413 2936 460 2992; x_wconf 92' lang='lat' dir='ltr'>hic</span> <span class='ocrx_word' id='word_1_200' title='bbox 475 2934 579 2992; x_wconf 87' lang='lat' dir='ltr'>eudem</span> <span class='ocrx_word' id='word_1_201' title='bbox 592 2938 634 2994; x_wconf 92' lang='lat' dir='ltr'>vis</span> <span class='ocrx_word' id='word_1_202' title='bbox 650 2937 723 2994; x_wconf 89' lang='lat' dir='ltr'>illius</span> <span class='ocrx_word' id='word_1_203' title='bbox 737 2947 834 2995; x_wconf 88' lang='lat' dir='ltr'>aestus</span> 
     </span>
     <span class='ocr_line' id='line_1_31' title="bbox 117 3026 1020 3100; baseline 0.001 -17"><span class='ocrx_word' id='word_1_204' title='bbox 117 3026 250 3100; x_wconf 86' lang='lat' dir='ltr'>reliquias</span> <span class='ocrx_word' id='word_1_205' title='bbox 264 3028 339 3083; x_wconf 90' lang='lat' dir='ltr'>vitae</span> <span class='ocrx_word' id='word_1_206' title='bbox 355 3027 491 3083; x_wconf 86' lang='lat' dir='ltr'>membris</span> <span class='ocrx_word' id='word_1_207' title='bbox 506 3043 543 3081; x_wconf 88' lang='lat' dir='ltr'>ex</span> <span class='ocrx_word' id='word_1_208' title='bbox 557 3027 691 3083; x_wconf 91' lang='lat' dir='ltr'>omnibus</span> <span class='ocrx_word' id='word_1_209' title='bbox 706 3028 807 3085; x_wconf 90' lang='lat' dir='ltr'>aufert.</span> <span class='ocrx_word' id='word_1_210' title='bbox 972 3034 1020 3099; x_wconf 81' lang='lat'>825</span> 
     </span>
     <span class='ocr_line' id='line_1_32' title="bbox 119 3116 1001 3191; baseline 0.003 -19"><span class='ocrx_word' id='word_1_211' title='bbox 119 3117 227 3190; x_wconf 90' lang='lat' dir='ltr'>quippe</span> <span class='ocrx_word' id='word_1_212' title='bbox 242 3118 350 3173; x_wconf 90' lang='lat' dir='ltr'>etenim</span> <span class='ocrx_word' id='word_1_213' title='bbox 365 3117 459 3191; x_wconf 89' lang='lat' dir='ltr'>primo</span> <span class='ocrx_word' id='word_1_214' title='bbox 474 3116 555 3189; x_wconf 88' lang='lat' dir='ltr'>quasi</span> <span class='ocrx_word' id='word_1_215' title='bbox 571 3116 718 3188; x_wconf 90' lang='lat' dir='ltr'>quendam</span> <span class='ocrx_word' id='word_1_216' title='bbox 734 3118 852 3175; x_wconf 91' lang='lat' dir='ltr'>conciet</span> <span class='ocrx_word' id='word_1_217' title='bbox 866 3127 1001 3190; x_wconf 88' lang='lat' dir='ltr'>aestnm;</span> 
     </span>
     <span class='ocr_line' id='line_1_33' title="bbox 118 3205 795 3281; baseline 0 -18"><span class='ocrx_word' id='word_1_218' title='bbox 118 3206 260 3281; x_wconf 90' lang='lat' dir='ltr'>posterius</span> <span class='ocrx_word' id='word_1_219' title='bbox 275 3206 307 3262; x_wconf 89' lang='lat' dir='ltr'>fit</span> <span class='ocrx_word' id='word_1_220' title='bbox 321 3207 371 3277; x_wconf 89' lang='lat' dir='ltr'>uti,</span> <span class='ocrx_word' id='word_1_221' title='bbox 387 3225 455 3263; x_wconf 92' lang='lat' dir='ltr'>cum</span> <span class='ocrx_word' id='word_1_222' title='bbox 470 3206 527 3262; x_wconf 89' lang='lat' dir='ltr'>iam</span> <span class='ocrx_word' id='word_1_223' title='bbox 541 3205 675 3263; x_wconf 89' lang='lat' dir='ltr'>cecidere</span> <span class='ocrx_word' id='word_1_224' title='bbox 689 3207 795 3264; x_wconf 88' lang='lat' dir='ltr'>veneni</span> 
     </span>
     <span class='ocr_line' id='line_1_34' title="bbox 117 3296 823 3370; baseline 0 -16"><span class='ocrx_word' id='word_1_225' title='bbox 117 3297 149 3354; x_wconf 90' lang='lat' dir='ltr'>in</span> <span class='ocrx_word' id='word_1_226' title='bbox 163 3296 249 3352; x_wconf 87' lang='lat' dir='ltr'>sontis</span> <span class='ocrx_word' id='word_1_227' title='bbox 264 3296 352 3370; x_wconf 86' lang='lat' dir='ltr'>ipsos,</span> <span class='ocrx_word' id='word_1_228' title='bbox 367 3297 406 3353; x_wconf 91' lang='lat' dir='ltr'>ibi</span> <span class='ocrx_word' id='word_1_229' title='bbox 420 3297 456 3354; x_wconf 93' lang='lat' dir='ltr'>sit</span> <span class='ocrx_word' id='word_1_230' title='bbox 469 3314 587 3369; x_wconf 93' lang='lat' dir='ltr'>quoque</span> <span class='ocrx_word' id='word_1_231' title='bbox 601 3296 661 3354; x_wconf 87' lang='lat' dir='ltr'>vita</span> <span class='ocrx_word' id='word_1_232' title='bbox 674 3297 823 3354; x_wconf 88' lang='lat' dir='ltr'>vomenda</span> 
     </span>
     <span class='ocr_line' id='line_1_35' title="bbox 118 3385 850 3460; baseline -0.001 -18"><span class='ocrx_word' id='word_1_233' title='bbox 118 3395 273 3460; x_wconf 91' lang='lat' dir='ltr'>propterea</span> <span class='ocrx_word' id='word_1_234' title='bbox 286 3385 368 3459; x_wconf 93' lang='lat' dir='ltr'>quod</span> <span class='ocrx_word' id='word_1_235' title='bbox 382 3404 489 3460; x_wconf 89' lang='lat' dir='ltr'>magna</span> <span class='ocrx_word' id='word_1_236' title='bbox 502 3386 570 3442; x_wconf 89' lang='lat' dir='ltr'>mali</span> <span class='ocrx_word' id='word_1_237' title='bbox 584 3386 616 3442; x_wconf 87' lang='lat' dir='ltr'>fit</span> <span class='ocrx_word' id='word_1_238' title='bbox 630 3387 718 3460; x_wconf 89' lang='lat' dir='ltr'>copia</span> <span class='ocrx_word' id='word_1_239' title='bbox 731 3387 850 3444; x_wconf 88' lang='lat' dir='ltr'>circum.</span> 
     </span>
    </p>

    <p class='ocr_par' dir='ltr' id='par_1_4' title="bbox 158 3476 1022 3551">
     <span class='ocr_line' id='line_1_36' title="bbox 158 3476 1022 3551; baseline 0 -17"><span class='ocrx_word' id='word_1_240' title='bbox 158 3477 206 3535; x_wconf 91' lang='lat' dir='ltr'>Fit</span> <span class='ocrx_word' id='word_1_241' title='bbox 214 3476 740 3551; x_wconf 90' lang='lat' dir='ltr'>quoqueutinterdnmvishaecatque</span> <span class='ocrx_word' id='word_1_242' title='bbox 748 3486 843 3535; x_wconf 91' lang='lat' dir='ltr'>aestus</span> <span class='ocrx_word' id='word_1_243' title='bbox 851 3478 958 3534; x_wconf 85' lang='lat' dir='ltr'>Averni</span> <span class='ocrx_word' id='word_1_244' title='bbox 971 3485 1022 3549; x_wconf 87' lang='lat'>830</span> 
     </span>
    </p>
   </div>
   <div class='ocr_carea' id='block_1_3' title="bbox 0 0 1254 3894">
    <p class='ocr_par' dir='ltr' id='par_1_5' title="bbox 0 0 1254 3894">
     <span class='ocr_line' id='line_1_37' title="bbox 0 0 1254 3894; baseline 0 0"><span class='ocrx_word' id='word_1_245' title='bbox 0 0 1254 3894; x_wconf 95' lang='lat' dir='ltr'> </span> 
     </span>
    </p>
   </div>
  </div>
 </body>
</html>
