<?xml version="1.0" encoding="UTF-8"?>
<!DOCTYPE html PUBLIC "-//W3C//DTD XHTML 1.0 Transitional//EN"
    "http://www.w3.org/TR/xhtml1/DTD/xhtml1-transitional.dtd">
<html xmlns="http://www.w3.org/1999/xhtml" xml:lang="en" lang="en">
 <head>
  <title>
</title>
<meta http-equiv="Content-Type" content="text/html;charset=utf-8" />
  <meta name='ocr-system' content='tesseract 3.04.00' />
  <meta name='ocr-capabilities' content='ocr_page ocr_carea ocr_par ocr_line ocrx_word'/>
</head>
<body>
  <div class='ocr_page' id='page_1' title='image "./tlucreticarider00kelsgoog_0153.png"; bbox 0 0 2498 3894; ppageno 0'>
   <div class='ocr_carea' id='block_1_1' title="bbox 183 238 1085 318">
    <p class='ocr_par' dir='ltr' id='par_1_1' title="bbox 183 238 1085 318">
     <span class='ocr_line' id='line_1_1' title="bbox 183 238 1085 318; baseline 0.003 -19"><span class='ocrx_word' id='word_1_1' title='bbox 183 238 223 300; x_wconf 88' lang='lat'><strong>88</strong></span> <span class='ocrx_word' id='word_1_2' title='bbox 516 248 747 303; x_wconf 75' lang='lat' dir='ltr'><strong>nuenarius</strong></span> <span class='ocrx_word' id='word_1_3' title='bbox 1012 247 1085 318; x_wconf 89' lang='grc' dir='ltr'><strong>[ιιι.</strong></span> 
     </span>
    </p>
   </div>
   <div class='ocr_carea' id='block_1_2' title="bbox 0 390 1179 3555">
    <p class='ocr_par' dir='ltr' id='par_1_2' title="bbox 0 390 1136 3555">
     <span class='ocr_line' id='line_1_2' title="bbox 181 390 1086 487; baseline -0.004 -17"><span class='ocrx_word' id='word_1_4' title='bbox 181 420 211 470; x_wconf 94' lang='lat' dir='ltr'><strong>et</strong></span> <span class='ocrx_word' id='word_1_5' title='bbox 224 411 296 487; x_wconf 90' lang='lat' dir='ltr'><strong>lapis</strong></span> <span class='ocrx_word' id='word_1_6' title='bbox 310 429 474 487; x_wconf 67' lang='lat' dir='ltr'><strong>oppressus</strong></span> <span class='ocrx_word' id='word_1_7' title='bbox 490 411 577 469; x_wconf 91' lang='lat' dir='ltr'><strong>subiit</strong></span> <span class='ocrx_word' id='word_1_8' title='bbox 591 411 615 468; x_wconf 91' lang='lat' dir='ltr'><strong>si</strong></span> <span class='ocrx_word' id='word_1_9' title='bbox 628 429 645 468; x_wconf 91' lang='lat' dir='ltr'><strong>e</strong></span> <span class='ocrx_word' id='word_1_10' title='bbox 659 390 796 486; x_wconf 55' lang='lat' dir='ltr'><strong>nulibus,</strong></span> <span class='ocrx_word' id='word_1_11' title='bbox 811 427 904 485; x_wconf 85' lang='lat' dir='ltr'><strong>asper.</strong></span> <span class='ocrx_word' id='word_1_12' title='bbox 1035 417 1086 482; x_wconf 82' lang='lat'><strong>690</strong></span> 
     </span>
     <span class='ocr_line' id='line_1_3' title="bbox 182 499 1086 577; baseline -0.001 -17"><span class='ocrx_word' id='word_1_13' title='bbox 182 521 271 577; x_wconf 90' lang='lat' dir='ltr'><strong>quare</strong></span> <span class='ocrx_word' id='word_1_14' title='bbox 283 503 370 559; x_wconf 89' lang='lat' dir='ltr'><strong>etiam</strong></span> <span class='ocrx_word' id='word_1_15' title='bbox 382 510 470 577; x_wconf 92' lang='lat' dir='ltr'><strong>atque</strong></span> <span class='ocrx_word' id='word_1_16' title='bbox 481 502 568 559; x_wconf 90' lang='lat' dir='ltr'><strong>etiam</strong></span> <span class='ocrx_word' id='word_1_17' title='bbox 580 508 677 575; x_wconf 88' lang='lat' dir='ltr'><strong>neque</strong></span> <span class='ocrx_word' id='word_1_18' title='bbox 690 501 807 575; x_wconf 87' lang='lat' dir='ltr'><strong>originis</strong></span> <span class='ocrx_word' id='word_1_19' title='bbox 819 518 883 560; x_wconf 86' lang='lat' dir='ltr'><strong>esse</strong></span> <span class='ocrx_word' id='word_1_20' title='bbox 894 499 1086 575; x_wconf 83' lang='lat' dir='ltr'><strong>putandumst</strong></span> 
     </span>
     <span class='ocr_line' id='line_1_4' title="bbox 182 591 775 668; baseline -0.002 -18"><span class='ocrx_word' id='word_1_21' title='bbox 182 593 307 668; x_wconf 90' lang='lat' dir='ltr'><strong>expertis</strong></span> <span class='ocrx_word' id='word_1_22' title='bbox 322 593 432 649; x_wconf 89' lang='lat' dir='ltr'><strong>animas</strong></span> <span class='ocrx_word' id='word_1_23' title='bbox 446 610 503 649; x_wconf 89' lang='lat' dir='ltr'><strong>nec</strong></span> <span class='ocrx_word' id='word_1_24' title='bbox 516 591 566 650; x_wconf 90' lang='lat' dir='ltr'><strong>leti</strong></span> <span class='ocrx_word' id='word_1_25' title='bbox 580 591 643 667; x_wconf 87' lang='lat' dir='ltr'><strong>lege</strong></span> <span class='ocrx_word' id='word_1_26' title='bbox 658 591 775 650; x_wconf 80' lang='lat' dir='ltr'><strong>solutas,</strong></span> 
     </span>
     <span class='ocr_line' id='line_1_5' title="bbox 114 679 1045 757; baseline -0.001 -16"><span class='ocrx_word' id='word_1_27' title='bbox 114 715 126 729; x_wconf 86' lang='lat'><strong>·</strong></span> <span class='ocrx_word' id='word_1_28' title='bbox 181 702 250 741; x_wconf 89' lang='lat' dir='ltr'><strong>narn</strong></span> <span class='ocrx_word' id='word_1_29' title='bbox 263 701 361 757; x_wconf 91' lang='lat' dir='ltr'><strong>neque</strong></span> <span class='ocrx_word' id='word_1_30' title='bbox 376 691 457 739; x_wconf 88' lang='lat' dir='ltr'><strong>tanto</strong></span> <span class='ocrx_word' id='word_1_31' title='bbox 473 699 561 756; x_wconf 92' lang='lat' dir='ltr'><strong>opere</strong></span> <span class='ocrx_word' id='word_1_32' title='bbox 576 680 695 738; x_wconf 84' lang='lat' dir='ltr'>adnecti</span> <span class='ocrx_word' id='word_1_33' title='bbox 709 681 838 756; x_wconf 89' lang='lat' dir='ltr'><strong>potuisse</strong></span> <span class='ocrx_word' id='word_1_34' title='bbox 854 679 1045 757; x_wconf 86' lang='lat' dir='ltr'><strong>putandumst</strong></span> 
     </span>
     <span class='ocr_line' id='line_1_6' title="bbox 181 771 845 854; baseline -0.003 -24"><span class='ocrx_word' id='word_1_35' title='bbox 181 773 352 848; x_wconf 83' lang='lat' dir='ltr'><strong>corporibus</strong></span> <span class='ocrx_word' id='word_1_36' title='bbox 366 772 471 837; x_wconf 87' lang='lat' dir='ltr'><strong>nostris</strong></span> <span class='ocrx_word' id='word_1_37' title='bbox 485 772 664 829; x_wconf 88' lang='lat' dir='ltr'><strong>extrinsecus</strong></span> <span class='ocrx_word' id='word_1_38' title='bbox 678 771 845 854; x_wconf 87' lang='lat' dir='ltr'><strong>insinuatas,</strong></span> 
     </span>
     <span class='ocr_line' id='line_1_7' title="bbox 180 860 1083 934; baseline -0.003 -14"><span class='ocrx_word' id='word_1_39' title='bbox 180 881 245 934; x_wconf 89' lang='lat' dir='ltr'><strong>nec,</strong></span> <span class='ocrx_word' id='word_1_40' title='bbox 261 873 322 920; x_wconf 90' lang='lat' dir='ltr'><strong>tam</strong></span> <span class='ocrx_word' id='word_1_41' title='bbox 335 871 491 921; x_wconf 84' lang='lat' dir='ltr'><strong>contextae</strong></span> <span class='ocrx_word' id='word_1_42' title='bbox 506 880 575 919; x_wconf 92' lang='lat' dir='ltr'><strong>cum</strong></span> <span class='ocrx_word' id='word_1_43' title='bbox 589 862 654 932; x_wconf 91' lang='lat' dir='ltr'><strong>sint,</strong></span> <span class='ocrx_word' id='word_1_44' title='bbox 670 861 749 918; x_wconf 88' lang='lat' dir='ltr'><strong>exire</strong></span> <span class='ocrx_word' id='word_1_45' title='bbox 763 860 898 918; x_wconf 91' lang='lat' dir='ltr'><strong>videntur</strong></span> <span class='ocrx_word' id='word_1_46' title='bbox 1036 869 1083 934; x_wconf 81' lang='lat'><strong>695</strong></span> 
     </span>
     <span class='ocr_line' id='line_1_8' title="bbox 180 950 833 1028; baseline -0.005 -17"><span class='ocrx_word' id='word_1_47' title='bbox 180 953 342 1011; x_wconf 88' lang='lat' dir='ltr'><strong>incolumes</strong></span> <span class='ocrx_word' id='word_1_48' title='bbox 356 971 443 1028; x_wconf 89' lang='lat' dir='ltr'><strong>posse</strong></span> <span class='ocrx_word' id='word_1_49' title='bbox 458 962 487 1011; x_wconf 91' lang='lat' dir='ltr'><strong>et</strong></span> <span class='ocrx_word' id='word_1_50' title='bbox 501 952 593 1011; x_wconf 91' lang='lat' dir='ltr'><strong>salvas</strong></span> <span class='ocrx_word' id='word_1_51' title='bbox 608 950 755 1009; x_wconf 90' lang='lat' dir='ltr'><strong>exsolvere</strong></span> <span class='ocrx_word' id='word_1_52' title='bbox 770 969 833 1009; x_wconf 88' lang='lat' dir='ltr'><strong>sese</strong></span> 
     </span>
     <span class='ocr_line' id='line_1_9' title="bbox 181 1042 895 1117; baseline -0.003 -16"><span class='ocrx_word' id='word_1_53' title='bbox 181 1044 317 1102; x_wconf 90' lang='lat' dir='ltr'><strong>omnibus</strong></span> <span class='ocrx_word' id='word_1_54' title='bbox 332 1061 348 1101; x_wconf 90' lang='lat' dir='ltr'><strong>c</strong></span> <span class='ocrx_word' id='word_1_55' title='bbox 362 1043 457 1101; x_wconf 90' lang='lat' dir='ltr'><strong>nervis</strong></span> <span class='ocrx_word' id='word_1_56' title='bbox 471 1053 559 1117; x_wconf 90' lang='lat' dir='ltr'><strong>atque</strong></span> <span class='ocrx_word' id='word_1_57' title='bbox 575 1042 687 1100; x_wconf 87' lang='lat' dir='ltr'><strong>ossibus</strong></span> <span class='ocrx_word' id='word_1_58' title='bbox 702 1042 895 1116; x_wconf 84' lang='lat' dir='ltr'><strong>articulisque.</strong></span> 
     </span>
     <span class='ocr_line' id='line_1_10' title="bbox 181 1122 870 1209; baseline -0.006 -17"><span class='ocrx_word' id='word_1_59' title='bbox 181 1133 263 1209; x_wconf 91' lang='lat' dir='ltr'><strong>quod</strong></span> <span class='ocrx_word' id='word_1_60' title='bbox 277 1134 301 1192; x_wconf 89' lang='lat' dir='ltr'><strong>si</strong></span> <span class='ocrx_word' id='word_1_61' title='bbox 315 1135 388 1192; x_wconf 88' lang='lat' dir='ltr'><strong>sorte</strong></span> <span class='ocrx_word' id='word_1_62' title='bbox 403 1143 487 1209; x_wconf 90' lang='lat' dir='ltr'><strong>putas</strong></span> <span class='ocrx_word' id='word_1_63' title='bbox 502 1122 680 1190; x_wconf 78' lang='lat' dir='ltr'><strong>extrinsecus</strong></span> <span class='ocrx_word' id='word_1_64' title='bbox 695 1133 870 1189; x_wconf 85' lang='lat' dir='ltr'><strong>insinuatam</strong></span> 
     </span>
     <span class='ocr_line' id='line_1_11' title="bbox 180 1215 922 1300; baseline -0.003 -18"><span class='ocrx_word' id='word_1_65' title='bbox 180 1242 351 1300; x_wconf 84' lang='lat' dir='ltr'><strong>permanare</strong></span> <span class='ocrx_word' id='word_1_66' title='bbox 365 1225 492 1281; x_wconf 89' lang='lat' dir='ltr'><strong>animam</strong></span> <span class='ocrx_word' id='word_1_67' title='bbox 506 1223 592 1281; x_wconf 91' lang='lat' dir='ltr'><strong>nobis</strong></span> <span class='ocrx_word' id='word_1_68' title='bbox 607 1241 660 1298; x_wconf 92' lang='lat' dir='ltr'><strong>per</strong></span> <span class='ocrx_word' id='word_1_69' title='bbox 674 1222 806 1280; x_wconf 88' lang='lat' dir='ltr'><strong>membra</strong></span> <span class='ocrx_word' id='word_1_70' title='bbox 820 1215 922 1294; x_wconf 88' lang='lat' dir='ltr'><strong>solere,</strong></span> 
     </span>
     <span class='ocr_line' id='line_1_12' title="bbox 180 1313 1085 1389; baseline -0.002 -17"><span class='ocrx_word' id='word_1_71' title='bbox 180 1324 262 1372; x_wconf 88' lang='lat' dir='ltr'><strong>tanto</strong></span> <span class='ocrx_word' id='word_1_72' title='bbox 277 1315 385 1389; x_wconf 86' lang='lat' dir='ltr'><strong>quique</strong></span> <span class='ocrx_word' id='word_1_73' title='bbox 400 1314 492 1388; x_wconf 85' lang='lat' dir='ltr'><strong>magis</strong></span> <span class='ocrx_word' id='word_1_74' title='bbox 505 1332 575 1370; x_wconf 90' lang='lat' dir='ltr'><strong>cum</strong></span> <span class='ocrx_word' id='word_1_75' title='bbox 590 1330 712 1386; x_wconf 90' lang='lat' dir='ltr'><strong>corpore</strong></span> <span class='ocrx_word' id='word_1_76' title='bbox 727 1313 791 1370; x_wconf 89' lang='lat' dir='ltr'><strong>fusa</strong></span> <span class='ocrx_word' id='word_1_77' title='bbox 804 1313 919 1387; x_wconf 88' lang='lat' dir='ltr'><strong>peribit.</strong></span> <span class='ocrx_word' id='word_1_78' title='bbox 1037 1334 1085 1380; x_wconf 90' lang='lat'><strong>700</strong></span> 
     </span>
     <span class='ocr_line' id='line_1_13' title="bbox 181 1402 911 1480; baseline -0.001 -18"><span class='ocrx_word' id='word_1_79' title='bbox 181 1404 262 1479; x_wconf 91' lang='lat' dir='ltr'><strong>quod</strong></span> <span class='ocrx_word' id='word_1_80' title='bbox 276 1414 427 1480; x_wconf 86' lang='lat' dir='ltr'><strong>permanat</strong></span> <span class='ocrx_word' id='word_1_81' title='bbox 441 1405 519 1461; x_wconf 88' lang='lat' dir='ltr'><strong>enim</strong></span> <span class='ocrx_word' id='word_1_82' title='bbox 534 1402 707 1474; x_wconf 89' lang='lat' dir='ltr'><strong>dissolvitur,</strong></span> <span class='ocrx_word' id='word_1_83' title='bbox 722 1403 819 1460; x_wconf 92' lang='lat' dir='ltr'><strong>interit</strong></span> <span class='ocrx_word' id='word_1_84' title='bbox 834 1420 911 1477; x_wconf 87' lang='lat' dir='ltr'><strong>ergo.</strong></span> 
     </span>
     <span class='ocr_line' id='line_1_14' title="bbox 181 1494 871 1570; baseline -0.004 -17"><span class='ocrx_word' id='word_1_85' title='bbox 181 1495 346 1570; x_wconf 91' lang='lat' dir='ltr'><strong>dispertitus</strong></span> <span class='ocrx_word' id='word_1_86' title='bbox 361 1495 440 1552; x_wconf 90' lang='lat' dir='ltr'><strong>enim</strong></span> <span class='ocrx_word' id='word_1_87' title='bbox 452 1512 505 1569; x_wconf 90' lang='lat' dir='ltr'><strong>per</strong></span> <span class='ocrx_word' id='word_1_88' title='bbox 520 1494 616 1551; x_wconf 88' lang='lat' dir='ltr'><strong>caulas</strong></span> <span class='ocrx_word' id='word_1_89' title='bbox 632 1494 762 1567; x_wconf 91' lang='lat' dir='ltr'><strong>corporis</strong></span> <span class='ocrx_word' id='word_1_90' title='bbox 776 1494 871 1550; x_wconf 90' lang='lat' dir='ltr'><strong>omnis</strong></span> 
     </span>
     <span class='ocr_line' id='line_1_15' title="bbox 179 1581 1033 1659; baseline -0.001 -16"><span class='ocrx_word' id='word_1_91' title='bbox 179 1595 213 1643; x_wconf 88' lang='lat' dir='ltr'><strong>ut</strong></span> <span class='ocrx_word' id='word_1_92' title='bbox 226 1585 321 1656; x_wconf 61' lang='lat' dir='ltr'><strong>cibus,</strong></span> <span class='ocrx_word' id='word_1_93' title='bbox 333 1586 364 1642; x_wconf 92' lang='lat' dir='ltr'><strong>in</strong></span> <span class='ocrx_word' id='word_1_94' title='bbox 377 1585 509 1642; x_wconf 90' lang='lat' dir='ltr'><strong>membra</strong></span> <span class='ocrx_word' id='word_1_95' title='bbox 522 1594 610 1659; x_wconf 90' lang='lat' dir='ltr'><strong>atque</strong></span> <span class='ocrx_word' id='word_1_96' title='bbox 624 1594 702 1641; x_wconf 89' lang='lat' dir='ltr'><strong>artus</strong></span> <span class='ocrx_word' id='word_1_97' title='bbox 718 1601 786 1641; x_wconf 91' lang='lat' dir='ltr'><strong>cum</strong></span> <span class='ocrx_word' id='word_1_98' title='bbox 803 1581 913 1642; x_wconf 92' lang='lat' dir='ltr'><strong>diditur</strong></span> <span class='ocrx_word' id='word_1_99' title='bbox 927 1585 1033 1657; x_wconf 62' lang='lat' dir='ltr'><strong>omnis</strong></span> 
     </span>
     <span class='ocr_line' id='line_1_16' title="bbox 181 1673 872 1750; baseline -0.003 -17"><span class='ocrx_word' id='word_1_100' title='bbox 181 1675 301 1750; x_wconf 91' lang='lat' dir='ltr'><strong>disperit</strong></span> <span class='ocrx_word' id='word_1_101' title='bbox 314 1684 401 1748; x_wconf 89' lang='lat' dir='ltr'><strong>atque</strong></span> <span class='ocrx_word' id='word_1_102' title='bbox 416 1675 501 1735; x_wconf 91' lang='lat' dir='ltr'><strong>aliam</strong></span> <span class='ocrx_word' id='word_1_103' title='bbox 514 1685 647 1732; x_wconf 90' lang='lat' dir='ltr'><strong>naturam</strong></span> <span class='ocrx_word' id='word_1_104' title='bbox 662 1673 767 1732; x_wconf 88' lang='lat' dir='ltr'><strong>sufficit</strong></span> <span class='ocrx_word' id='word_1_105' title='bbox 781 1692 818 1731; x_wconf 94' lang='lat' dir='ltr'><strong>ex</strong></span> <span class='ocrx_word' id='word_1_106' title='bbox 832 1692 872 1745; x_wconf 91' lang='lat' dir='ltr'><strong>se,</strong></span> 
     </span>
     <span class='ocr_line' id='line_1_17' title="bbox 180 1764 1082 1839; baseline -0.002 -17"><span class='ocrx_word' id='word_1_107' title='bbox 180 1767 222 1823; x_wconf 93' lang='lat' dir='ltr'><strong>sic</strong></span> <span class='ocrx_word' id='word_1_108' title='bbox 237 1766 334 1823; x_wconf 90' lang='lat' dir='ltr'><strong>anima</strong></span> <span class='ocrx_word' id='word_1_109' title='bbox 346 1775 435 1839; x_wconf 89' lang='lat' dir='ltr'><strong>atque</strong></span> <span class='ocrx_word' id='word_1_110' title='bbox 449 1766 563 1822; x_wconf 90' lang='lat' dir='ltr'><strong>animus</strong></span> <span class='ocrx_word' id='word_1_111' title='bbox 579 1764 710 1839; x_wconf 87' lang='lat' dir='ltr'><strong>quamvis</strong></span> <span class='ocrx_word' id='word_1_112' title='bbox 725 1764 837 1838; x_wconf 86' lang='lat' dir='ltr'><strong>integra</strong></span> <span class='ocrx_word' id='word_1_113' title='bbox 852 1782 955 1822; x_wconf 90' lang='lat' dir='ltr'><strong>recens</strong></span> <span class='ocrx_word' id='word_1_114' title='bbox 967 1765 1001 1822; x_wconf 91' lang='lat' dir='ltr'><strong>in</strong></span> <span class='ocrx_word' id='word_1_115' title='bbox 1036 1783 1082 1836; x_wconf 84' lang='lat'><strong>705</strong></span> 
     </span>
     <span class='ocr_line' id='line_1_18' title="bbox 181 1854 923 1930; baseline -0.001 -18"><span class='ocrx_word' id='word_1_116' title='bbox 181 1874 286 1930; x_wconf 87' lang='lat' dir='ltr'><strong>corpus</strong></span> <span class='ocrx_word' id='word_1_117' title='bbox 302 1863 381 1925; x_wconf 87' lang='lat' dir='ltr'><strong>eunt,</strong></span> <span class='ocrx_word' id='word_1_118' title='bbox 396 1864 494 1912; x_wconf 90' lang='lat' dir='ltr'><strong>tamen</strong></span> <span class='ocrx_word' id='word_1_119' title='bbox 509 1856 539 1912; x_wconf 92' lang='lat' dir='ltr'><strong>in</strong></span> <span class='ocrx_word' id='word_1_120' title='bbox 554 1854 701 1913; x_wconf 85' lang='lat' dir='ltr'><strong>manando</strong></span> <span class='ocrx_word' id='word_1_121' title='bbox 717 1854 923 1926; x_wconf 90' lang='lat' dir='ltr'><strong>dissoluuntur,</strong></span> 
     </span>
     <span class='ocr_line' id='line_1_19' title="bbox 181 1945 925 2020; baseline -0.001 -17"><span class='ocrx_word' id='word_1_122' title='bbox 181 1945 251 2004; x_wconf 93' lang='lat' dir='ltr'><strong>dum</strong></span> <span class='ocrx_word' id='word_1_123' title='bbox 267 1947 349 2020; x_wconf 88' lang='lat' dir='ltr'><strong>quasi</strong></span> <span class='ocrx_word' id='word_1_124' title='bbox 362 1964 416 2020; x_wconf 88' lang='lat' dir='ltr'><strong>per</strong></span> <span class='ocrx_word' id='word_1_125' title='bbox 430 1946 525 2003; x_wconf 88' lang='lat' dir='ltr'><strong>caulas</strong></span> <span class='ocrx_word' id='word_1_126' title='bbox 541 1947 634 2004; x_wconf 91' lang='lat' dir='ltr'><strong>omnis</strong></span> <span class='ocrx_word' id='word_1_127' title='bbox 649 1945 789 2003; x_wconf 90' lang='lat' dir='ltr'><strong>diduntur</strong></span> <span class='ocrx_word' id='word_1_128' title='bbox 803 1946 833 2002; x_wconf 90' lang='lat' dir='ltr'><strong>in</strong></span> <span class='ocrx_word' id='word_1_129' title='bbox 847 1956 925 2003; x_wconf 91' lang='lat' dir='ltr'><strong>artus</strong></span> 
     </span>
     <span class='ocr_line' id='line_1_20' title="bbox 180 2036 903 2115; baseline -0.003 -21"><span class='ocrx_word' id='word_1_130' title='bbox 180 2036 457 2115; x_wconf 70' lang='lat' dir='ltr'><strong>particulae,quibus</strong></span> <span class='ocrx_word' id='word_1_131' title='bbox 471 2036 544 2094; x_wconf 89' lang='lat' dir='ltr'><strong>haec</strong></span> <span class='ocrx_word' id='word_1_132' title='bbox 560 2037 649 2093; x_wconf 87' lang='lat' dir='ltr'><strong>animi</strong></span> <span class='ocrx_word' id='word_1_133' title='bbox 665 2046 766 2093; x_wconf 89' lang='lat' dir='ltr'><strong>natura</strong></span> <span class='ocrx_word' id='word_1_134' title='bbox 781 2045 903 2104; x_wconf 87' lang='lat' dir='ltr'><strong>creatur,</strong></span> 
     </span>
     <span class='ocr_line' id='line_1_21' title="bbox 180 2122 910 2208; baseline -0.003 -23"><span class='ocrx_word' id='word_1_135' title='bbox 180 2145 255 2202; x_wconf 89' lang='lat' dir='ltr'><strong>quae</strong></span> <span class='ocrx_word' id='word_1_136' title='bbox 270 2122 371 2184; x_wconf 86' lang='lat' dir='ltr'><strong>nunc</strong></span> <span class='ocrx_word' id='word_1_137' title='bbox 363 2145 394 2183; x_wconf 91' lang='lat' dir='ltr'><strong>m</strong></span> <span class='ocrx_word' id='word_1_138' title='bbox 408 2137 507 2184; x_wconf 90' lang='lat' dir='ltr'><strong>nostro</strong></span> <span class='ocrx_word' id='word_1_139' title='bbox 523 2126 655 2184; x_wconf 88' lang='lat' dir='ltr'><strong>dominat</strong></span> <span class='ocrx_word' id='word_1_140' title='bbox 644 2136 690 2184; x_wconf 92' lang='lat' dir='ltr'><strong>tur</strong></span> <span class='ocrx_word' id='word_1_141' title='bbox 704 2144 839 2208; x_wconf 89' lang='lat' dir='ltr'><strong>corpore</strong></span> <span class='ocrx_word' id='word_1_142' title='bbox 841 2136 910 2183; x_wconf 91' lang='lat' dir='ltr'><strong>nata</strong></span> 
     </span>
     <span class='ocr_line' id='line_1_22' title="bbox 180 2217 905 2307; baseline 0.004 -33"><span class='ocrx_word' id='word_1_143' title='bbox 180 2236 218 2274; x_wconf 90' lang='lat' dir='ltr'><strong>ex</strong></span> <span class='ocrx_word' id='word_1_144' title='bbox 231 2218 393 2307; x_wconf 56' lang='lat' dir='ltr'><strong>illaqueet</strong></span> <span class='ocrx_word' id='word_1_145' title='bbox 394 2236 443 2273; x_wconf 92' lang='lat' dir='ltr'><strong>um</strong></span> <span class='ocrx_word' id='word_1_146' title='bbox 459 2218 543 2291; x_wconf 89' lang='lat' dir='ltr'><strong>periit</strong></span> <span class='ocrx_word' id='word_1_147' title='bbox 560 2217 645 2290; x_wconf 77' lang='lat' dir='ltr'><strong>partit</strong></span> <span class='ocrx_word' id='word_1_148' title='bbox 646 2236 663 2274; x_wconf 89' lang='lat' dir='ltr'><strong>a</strong></span> <span class='ocrx_word' id='word_1_149' title='bbox 677 2235 730 2291; x_wconf 89' lang='lat' dir='ltr'><strong>per</strong></span> <span class='ocrx_word' id='word_1_150' title='bbox 745 2228 830 2278; x_wconf 86' lang='lat' dir='ltr'><strong>artus</strong></span> <span class='ocrx_word' id='word_1_151' title='bbox 903 2285 905 2288; x_wconf 10' lang='grc' dir='ltr'><em>Α</em></span> 
     </span>
     <span class='ocr_line' id='line_1_23' title="bbox 179 2306 824 2383; baseline -0.002 -19"><span class='ocrx_word' id='word_1_152' title='bbox 179 2317 358 2383; x_wconf 89' lang='lat' dir='ltr'><strong>quapropter</strong></span> <span class='ocrx_word' id='word_1_153' title='bbox 371 2325 468 2381; x_wconf 92' lang='lat' dir='ltr'><strong>neque</strong></span> <span class='ocrx_word' id='word_1_154' title='bbox 483 2317 532 2364; x_wconf 88' lang='lat' dir='ltr'><strong>nat</strong></span> <span class='ocrx_word' id='word_1_155' title='bbox 522 2308 570 2363; x_wconf 87' lang='lat' dir='ltr'><strong>tali</strong></span> <span class='ocrx_word' id='word_1_156' title='bbox 585 2308 676 2380; x_wconf 88' lang='lat' dir='ltr'><strong>privat</strong></span> <span class='ocrx_word' id='word_1_157' title='bbox 678 2326 696 2363; x_wconf 90' lang='lat' dir='ltr'><strong>a</strong></span> <span class='ocrx_word' id='word_1_158' title='bbox 666 2306 789 2364; x_wconf 90' lang='lat' dir='ltr'><strong>tvidet</strong></span> <span class='ocrx_word' id='word_1_159' title='bbox 779 2317 824 2363; x_wconf 89' lang='lat' dir='ltr'><strong>tur</strong></span> 
     </span>
     <span class='ocr_line' id='line_1_24' title="bbox 180 2397 872 2472; baseline -0.001 -16"><span class='ocrx_word' id='word_1_160' title='bbox 180 2416 244 2456; x_wconf 91' lang='lat' dir='ltr'><strong>esse</strong></span> <span class='ocrx_word' id='word_1_161' title='bbox 259 2397 307 2455; x_wconf 92' lang='lat' dir='ltr'><strong>die</strong></span> <span class='ocrx_word' id='word_1_162' title='bbox 321 2408 423 2454; x_wconf 88' lang='lat' dir='ltr'><strong>natura</strong></span> <span class='ocrx_word' id='word_1_163' title='bbox 437 2398 550 2453; x_wconf 88' lang='lat' dir='ltr'><strong>animae</strong></span> <span class='ocrx_word' id='word_1_164' title='bbox 565 2416 621 2454; x_wconf 92' lang='lat' dir='ltr'><strong>nec</strong></span> <span class='ocrx_word' id='word_1_165' title='bbox 636 2398 743 2454; x_wconf 83' lang='lat' dir='ltr'><strong>funeris</strong></span> <span class='ocrx_word' id='word_1_166' title='bbox 759 2416 872 2472; x_wconf 79' lang='lat' dir='ltr'><strong>expers</strong></span> 
     </span>
     <span class='ocr_line' id='line_1_25' title="bbox 218 2488 913 2562; baseline -0.003 -16"><span class='ocrx_word' id='word_1_167' title='bbox 218 2489 337 2547; x_wconf 86' lang='lat' dir='ltr'><strong>Semina</strong></span> <span class='ocrx_word' id='word_1_168' title='bbox 349 2497 500 2562; x_wconf 87' lang='lat' dir='ltr'><strong>praeterea</strong></span> <span class='ocrx_word' id='word_1_169' title='bbox 514 2488 682 2561; x_wconf 90' lang='lat' dir='ltr'><strong>linquontur</strong></span> <span class='ocrx_word' id='word_1_170' title='bbox 696 2506 790 2544; x_wconf 88' lang='lat' dir='ltr'><strong>necne</strong></span> <span class='ocrx_word' id='word_1_171' title='bbox 806 2488 913 2544; x_wconf 88' lang='lat' dir='ltr'><strong>animai</strong></span> 
     </span>
     <span class='ocr_line' id='line_1_26' title="bbox 180 2576 985 2654; baseline -0.005 -17"><span class='ocrx_word' id='word_1_172' title='bbox 180 2597 303 2654; x_wconf 90' lang='lat' dir='ltr'><strong>corpore</strong></span> <span class='ocrx_word' id='word_1_173' title='bbox 318 2579 348 2634; x_wconf 95' lang='lat' dir='ltr'><strong>in</strong></span> <span class='ocrx_word' id='word_1_174' title='bbox 362 2578 520 2634; x_wconf 89' lang='lat' dir='ltr'><strong>exanimo?</strong></span> <span class='ocrx_word' id='word_1_175' title='bbox 542 2576 661 2652; x_wconf 90' lang='lat' dir='ltr'><strong>quodsi</strong></span> <span class='ocrx_word' id='word_1_176' title='bbox 676 2577 821 2635; x_wconf 86' lang='lat' dir='ltr'><strong>lincuntur</strong></span> <span class='ocrx_word' id='word_1_177' title='bbox 836 2586 865 2634; x_wconf 90' lang='lat' dir='ltr'><strong>et</strong></span> <span class='ocrx_word' id='word_1_178' title='bbox 880 2578 985 2648; x_wconf 88' lang='lat' dir='ltr'><strong>insunt,</strong></span> 
     </span>
     <span class='ocr_line' id='line_1_27' title="bbox 180 2667 1083 2742; baseline -0.002 -16"><span class='ocrx_word' id='word_1_179' title='bbox 180 2669 317 2726; x_wconf 89' lang='lat' dir='ltr'><strong>hautt</strong></span> <span class='ocrx_word' id='word_1_180' title='bbox 264 2668 349 2725; x_wconf 90' lang='lat' dir='ltr'><strong>eritu</strong></span> <span class='ocrx_word' id='word_1_181' title='bbox 351 2668 460 2724; x_wconf 89' lang='lat' dir='ltr'><strong>tmerit</strong></span> <span class='ocrx_word' id='word_1_182' title='bbox 461 2686 479 2724; x_wconf 96' lang='lat' dir='ltr'><strong>o</strong></span> <span class='ocrx_word' id='word_1_183' title='bbox 449 2667 652 2725; x_wconf 90' lang='lat' dir='ltr'><strong>tinmortalis</strong></span> <span class='ocrx_word' id='word_1_184' title='bbox 667 2668 759 2742; x_wconf 91' lang='lat' dir='ltr'><strong>possit</strong></span> <span class='ocrx_word' id='word_1_185' title='bbox 773 2667 881 2739; x_wconf 90' lang='lat' dir='ltr'><strong>haberi,</strong></span> <span class='ocrx_word' id='word_1_186' title='bbox 1037 2687 1083 2740; x_wconf 86' lang='lat'><strong>715</strong></span> 
     </span>
     <span class='ocr_line' id='line_1_28' title="bbox 15 2731 833 2832; baseline -0.004 -15"><span class='ocrx_word' id='word_1_187' title='bbox 15 2810 18 2817; x_wconf 94' lang='lat'><em>.</em></span> <span class='ocrx_word' id='word_1_188' title='bbox 88 2799 92 2809; x_wconf 81' lang='lat'><em>·</em></span> <span class='ocrx_word' id='word_1_189' title='bbox 179 2731 307 2832; x_wconf 62' lang='lat' dir='ltr'><strong>pbltibus</strong></span> <span class='ocrx_word' id='word_1_190' title='bbox 323 2756 433 2817; x_wconf 89' lang='lat' dir='ltr'><strong>amissis</strong></span> <span class='ocrx_word' id='word_1_191' title='bbox 449 2757 588 2831; x_wconf 90' lang='lat' dir='ltr'><strong>quoniam</strong></span> <span class='ocrx_word' id='word_1_192' title='bbox 604 2757 673 2814; x_wconf 89' lang='lat' dir='ltr'><strong>libat</strong></span> <span class='ocrx_word' id='word_1_193' title='bbox 662 2767 691 2813; x_wconf 93' lang='lat' dir='ltr'><strong>ta</strong></span> <span class='ocrx_word' id='word_1_194' title='bbox 705 2758 833 2815; x_wconf 90' lang='lat' dir='ltr'><strong>recessit</strong></span> 
     </span>
     <span class='ocr_line' id='line_1_29' title="bbox 108 2819 1179 2921; baseline -0.001 -16"><span class='ocrx_word' id='word_1_195' title='bbox 108 2879 111 2889; x_wconf 93' lang='lat'><em>·</em></span> <span class='ocrx_word' id='word_1_196' title='bbox 180 2849 224 2905; x_wconf 92' lang='lat' dir='ltr'><strong>sin</strong></span> <span class='ocrx_word' id='word_1_197' title='bbox 239 2848 277 2904; x_wconf 88' lang='lat' dir='ltr'><strong>ita</strong></span> <span class='ocrx_word' id='word_1_198' title='bbox 291 2819 421 2904; x_wconf 62' lang='lat' dir='ltr'><strong>sincllls</strong></span> <span class='ocrx_word' id='word_1_199' title='bbox 425 2847 561 2904; x_wconf 89' lang='lat' dir='ltr'><strong>membris</strong></span> <span class='ocrx_word' id='word_1_200' title='bbox 577 2847 672 2904; x_wconf 89' lang='lat' dir='ltr'><strong>ablata</strong></span> <span class='ocrx_word' id='word_1_201' title='bbox 686 2847 813 2921; x_wconf 85' lang='lat' dir='ltr'><strong>profugit</strong></span> <span class='ocrx_word' id='word_1_202' title='bbox 861 2827 1179 2919; x_wconf 39' lang='lat' dir='ltr'><strong>,mmm</strong></span> 
     </span>
     <span class='ocr_line' id='line_1_30' title="bbox 68 2937 841 3017; baseline 0.003 -25"><span class='ocrx_word' id='word_1_203' title='bbox 68 3006 71 3017; x_wconf 31' lang='grc'>1</span> <span class='ocrx_word' id='word_1_204' title='bbox 179 2948 211 2993; x_wconf 91' lang='grc' dir='ltr'><strong>ιιι</strong></span> <span class='ocrx_word' id='word_1_205' title='bbox 226 2937 316 2994; x_wconf 87' lang='lat' dir='ltr'><strong>nullas</strong></span> <span class='ocrx_word' id='word_1_206' title='bbox 331 2937 420 3011; x_wconf 87' lang='lat' dir='ltr'><strong>partis</strong></span> <span class='ocrx_word' id='word_1_207' title='bbox 435 2937 464 2992; x_wconf 93' lang='lat' dir='ltr'><strong>in</strong></span> <span class='ocrx_word' id='word_1_208' title='bbox 480 2955 603 3011; x_wconf 91' lang='lat' dir='ltr'><strong>corpore</strong></span> <span class='ocrx_word' id='word_1_209' title='bbox 619 2938 735 3012; x_wconf 87' lang='lat' dir='ltr'><strong>liquerit</strong></span> <span class='ocrx_word' id='word_1_210' title='bbox 750 2956 787 2994; x_wconf 89' lang='lat' dir='ltr'><strong>ex</strong></span> <span class='ocrx_word' id='word_1_211' title='bbox 800 2955 841 3008; x_wconf 88' lang='lat' dir='ltr'><strong>se,</strong></span> 
     </span>
     <span class='ocr_line' id='line_1_31' title="bbox 109 3025 884 3095; baseline 0.004 -14"><span class='ocrx_word' id='word_1_212' title='bbox 109 3090 112 3095; x_wconf 90' lang='lat'><em>.</em></span> <span class='ocrx_word' id='word_1_213' title='bbox 180 3025 258 3083; x_wconf 89' lang='lat' dir='ltr'><strong>unde</strong></span> <span class='ocrx_word' id='word_1_214' title='bbox 275 3026 417 3085; x_wconf 90' lang='lat' dir='ltr'><strong>cadavera</strong></span> <span class='ocrx_word' id='word_1_215' title='bbox 431 3027 561 3084; x_wconf 89' lang='lat' dir='ltr'><strong>rancenti</strong></span> <span class='ocrx_word' id='word_1_216' title='bbox 576 3027 633 3084; x_wconf 91' lang='lat' dir='ltr'><strong>iam</strong></span> <span class='ocrx_word' id='word_1_217' title='bbox 647 3029 757 3084; x_wconf 90' lang='lat' dir='ltr'><strong>viscere</strong></span> <span class='ocrx_word' id='word_1_218' title='bbox 771 3045 884 3085; x_wconf 88' lang='lat' dir='ltr'><strong>vermes</strong></span> 
     </span>
     <span class='ocr_line' id='line_1_32' title="bbox 180 3115 1086 3191; baseline 0.004 -19"><span class='ocrx_word' id='word_1_219' title='bbox 180 3117 311 3191; x_wconf 86' lang='lat' dir='ltr'><strong>expirant</strong></span> <span class='ocrx_word' id='word_1_220' title='bbox 325 3127 412 3191; x_wconf 89' lang='lat' dir='ltr'><strong>atque</strong></span> <span class='ocrx_word' id='word_1_221' title='bbox 427 3115 507 3173; x_wconf 90' lang='lat' dir='ltr'><strong>unde</strong></span> <span class='ocrx_word' id='word_1_222' title='bbox 521 3118 702 3174; x_wconf 89' lang='lat' dir='ltr'><strong>animantum</strong></span> <span class='ocrx_word' id='word_1_223' title='bbox 716 3118 802 3191; x_wconf 87' lang='lat' dir='ltr'><strong>copia</strong></span> <span class='ocrx_word' id='word_1_224' title='bbox 816 3128 896 3175; x_wconf 89' lang='lat' dir='ltr'><strong>tanta</strong></span> <span class='ocrx_word' id='word_1_225' title='bbox 1037 3140 1086 3186; x_wconf 88' lang='lat'><strong>720</strong></span> 
     </span>
     <span class='ocr_line' id='line_1_33' title="bbox 180 3207 891 3281; baseline 0.003 -18"><span class='ocrx_word' id='word_1_226' title='bbox 180 3225 250 3264; x_wconf 89' lang='lat' dir='ltr'><strong>exos</strong></span> <span class='ocrx_word' id='word_1_227' title='bbox 266 3216 295 3264; x_wconf 90' lang='lat' dir='ltr'><strong>et</strong></span> <span class='ocrx_word' id='word_1_228' title='bbox 309 3207 448 3280; x_wconf 85' lang='lat' dir='ltr'><strong>exanguis</strong></span> <span class='ocrx_word' id='word_1_229' title='bbox 462 3207 590 3264; x_wconf 87' lang='lat' dir='ltr'><strong>tumidos</strong></span> <span class='ocrx_word' id='word_1_230' title='bbox 606 3208 778 3281; x_wconf 88' lang='lat' dir='ltr'><strong>perfluctuat</strong></span> <span class='ocrx_word' id='word_1_231' title='bbox 793 3210 891 3265; x_wconf 84' lang='lat' dir='ltr'><strong>artus?</strong></span> 
     </span>
     <span class='ocr_line' id='line_1_34' title="bbox 82 3284 861 3375; baseline 0.001 -21.146"><span class='ocrx_word' id='word_1_232' title='bbox 82 3284 298 3375; x_wconf 54' lang='lat' dir='ltr'><strong>fflquod&#39;</strong></span> <span class='ocrx_word' id='word_1_233' title='bbox 276 3317 300 3355; x_wconf 75' lang='grc' dir='ltr'><strong>ει</strong></span> <span class='ocrx_word' id='word_1_234' title='bbox 315 3297 370 3352; x_wconf 86' lang='lat' dir='ltr'><strong>for</strong></span> <span class='ocrx_word' id='word_1_235' title='bbox 359 3305 387 3353; x_wconf 92' lang='lat' dir='ltr'><strong>e</strong></span> <span class='ocrx_word' id='word_1_236' title='bbox 403 3298 514 3354; x_wconf 88' lang='lat' dir='ltr'><strong>animas</strong></span> <span class='ocrx_word' id='word_1_237' title='bbox 530 3299 708 3355; x_wconf 86' lang='lat' dir='ltr'><strong>extrinsecus</strong></span> <span class='ocrx_word' id='word_1_238' title='bbox 725 3299 861 3355; x_wconf 88' lang='lat' dir='ltr'><strong>insinuari</strong></span> 
     </span>
     <span class='ocr_line' id='line_1_35' title="bbox 18 3344 873 3517; baseline -0.002 -69"><span class='ocrx_word' id='word_1_239' title='bbox 14 3261 154 3517; x_wconf 34' lang='lat' dir='ltr'><strong>*Ji-ll</strong></span> <span class='ocrx_word' id='word_1_240' title='bbox 180 3389 370 3446; x_wconf 89' lang='lat' dir='ltr'><strong>vermibust</strong></span> <span class='ocrx_word' id='word_1_241' title='bbox 341 3398 370 3445; x_wconf 89' lang='lat' dir='ltr'><strong>et</strong></span> <span class='ocrx_word' id='word_1_242' title='bbox 385 3388 477 3462; x_wconf 87' lang='lat' dir='ltr'><strong>privas</strong></span> <span class='ocrx_word' id='word_1_243' title='bbox 492 3389 522 3443; x_wconf 92' lang='grc' dir='ltr'><strong>ιιι</strong></span> <span class='ocrx_word' id='word_1_244' title='bbox 537 3406 660 3462; x_wconf 91' lang='lat' dir='ltr'><strong>corpora</strong></span> <span class='ocrx_word' id='word_1_245' title='bbox 674 3407 760 3462; x_wconf 88' lang='lat' dir='ltr'><strong>posse</strong></span> <span class='ocrx_word' id='word_1_246' title='bbox 774 3390 873 3446; x_wconf 88' lang='lat' dir='ltr'><strong>venire</strong></span> 
     </span>
     <span class='ocr_line' id='line_1_36' title="bbox 0 3479 914 3555; baseline 0 -19"><span class='ocrx_word' id='word_1_247' title='bbox 0 3485 2 3505; x_wconf 64' lang='lat'><em>¹</em></span> <span class='ocrx_word' id='word_1_248' title='bbox 181 3479 275 3538; x_wconf 89' lang='lat' dir='ltr'><strong>credis</strong></span> <span class='ocrx_word' id='word_1_249' title='bbox 289 3496 346 3536; x_wconf 89' lang='lat' dir='ltr'><strong>nec</strong></span> <span class='ocrx_word' id='word_1_250' title='bbox 360 3488 475 3555; x_wconf 88' lang='lat' dir='ltr'><strong>reputas</strong></span> <span class='ocrx_word' id='word_1_251' title='bbox 490 3496 541 3535; x_wconf 92' lang='lat' dir='ltr'><strong>cur</strong></span> <span class='ocrx_word' id='word_1_252' title='bbox 556 3479 633 3535; x_wconf 89' lang='lat' dir='ltr'><strong>milia</strong></span> <span class='ocrx_word' id='word_1_253' title='bbox 648 3479 737 3535; x_wconf 87' lang='lat' dir='ltr'><strong>multa</strong></span> <span class='ocrx_word' id='word_1_254' title='bbox 752 3479 914 3536; x_wconf 87' lang='lat' dir='ltr'><strong>animarum</strong></span> 
     </span>
    </p>
   </div>
   <div class='ocr_carea' id='block_1_3' title="bbox 0 0 1254 3894">
    <p class='ocr_par' dir='ltr' id='par_1_3' title="bbox 0 0 1254 3894">
     <span class='ocr_line' id='line_1_37' title="bbox 0 0 1254 3894; baseline 0 0"><span class='ocrx_word' id='word_1_255' title='bbox 0 0 1254 3894; x_wconf 95' lang='lat' dir='ltr'><strong> </strong></span> 
     </span>
    </p>
   </div>
  </div>
 </body>
</html>
