2498 3894
131 208 192 290 196
460 219 690 274 rueramus
961 218 1030 291 [vr.

126 361 267 443 disturbdt
280 383 366 442 urbes
380 391 410 441 et
422 391 515 441 terrae
528 393 625 442 motus
638 383 768 442 obortus.

125 475 275 550 multaque
289 484 440 550 praeterea
453 473 622 532 ceciderunt
635 475 755 533 moenia
768 474 881 551 magnis

125 566 252 623 motibus
266 565 297 623 in
311 565 392 623 terris
406 574 436 622 et
449 565 557 621 multae
571 581 624 639 per
637 583 718 622 mare
733 583 852 640 pessum

125 654 282 714 subsedere
296 655 355 713 suis
369 655 476 729 pariter
489 671 558 712 cum
571 655 682 713 civibus
696 656 791 712 urbes.
981 674 1032 730 ⁵90

125 745 207 820 qnod
221 745 276 803 nisi
289 744 460 820 prorumpit,
475 753 573 802 tamen
587 744 714 819 impetus
729 745 792 820 ipse
807 745 914 804 animai

125 845 155 894 et
172 836 231 893 sera
244 836 286 894 vis
300 835 378 893 venti
393 853 446 910 per
459 835 560 893 crebra
573 834 714 892 foramina
729 845 822 893 terrae

124 926 290 1001 dispertitur
303 934 336 983 ut
349 925 450 983 horror
464 934 494 983 et
507 925 609 982 incutit
623 925 692 982 inde
707 935 864 984 tremorem
874 947 884 1000 ;

124 1017 211 1092 frigus
225 1017 266 1074 uti
281 1025 395 1074 nostros
409 1015 525 1090 penitus
540 1034 608 1072 cum
622 1015 701 1073 venit
715 1016 744 1073 in
759 1027 848 1089 artus,

124 1107 254 1165 concutit
268 1107 373 1164 invitos
387 1123 497 1180 cogens
511 1115 634 1163 tremere
648 1115 736 1180 atque
751 1125 878 1164 movere.
978 1124 1027 1180 595

124 1197 242 1272 ancipiti
256 1194 402 1271 trepidant
416 1195 500 1270 igitur
513 1205 620 1253 terrore
635 1214 686 1270 per
700 1197 787 1264 urbis,

123 1296 203 1345 tecta
216 1305 341 1363 superne
356 1287 467 1357 timent,
482 1296 617 1344 metuunt
631 1286 741 1344 inferne
756 1304 894 1344 cavernas

123 1378 207 1437 terrai
221 1395 259 1435 ne
274 1375 413 1435 dissoluat
426 1386 529 1433 natura
541 1387 671 1449 repente,

121 1483 181 1525 neu
196 1467 332 1525 distracta
346 1485 430 1524 suum
443 1467 500 1524 late
515 1465 671 1540 dispandat
685 1466 795 1524 hiatum
819 1464 822 1470 ’

122 1556 220 1630 adque
234 1558 292 1615 suis
307 1557 428 1614 confusa
441 1557 510 1614 velit
523 1556 672 1630 complere
686 1557 784 1614 ruinis,
977 1561 1028 1614 600

120 1646 247 1723 proinde
260 1646 329 1704 licet
342 1647 473 1721 quamvis
487 1647 600 1704 caeium
614 1655 778 1725 terramque
792 1655 909 1704 reantur

120 1739 290 1812 incorrupta
303 1737 365 1795 fore
379 1746 514 1799 aeternae
529 1735 668 1793 mandata
681 1737 765 1794 saluti
776 1758 784 1808 ;

122 1836 152 1883 et
165 1836 266 1884 tamen
281 1825 426 1885 interdum
441 1844 579 1901 praesens
594 1825 636 1883 vis
651 1825 713 1900 ipsa
727 1826 826 1902 pericli

122 1917 221 1975 subdit
235 1925 264 1974 et
278 1917 358 1973 hunc
373 1916 519 1974 stimulum
534 1914 662 1990 quadam
678 1916 716 1973 de
730 1927 812 1990 parte
827 1916 944 1988 timoris,

121 2026 159 2065 ne
174 2007 299 2082 pedibus
314 2007 418 2081 raptim
433 2006 515 2064 tellus
530 2007 676 2063 subtracta
690 2006 796 2063 seratur
975 2012 1024 2079 605

121 2098 150 2154 in
166 2097 331 2155 barathrum
345 2115 499 2170 rerumque
514 2107 651 2169 sequatur
664 2096 779 2170 prodita
793 2114 906 2154 summa

120 2188 249 2245 funditus
264 2198 294 2245 et
307 2188 357 2246 fiat
372 2186 474 2244 mundi
488 2187 609 2244 confusa
622 2187 714 2244 ruina.

165 2275 327 2355 [Principio
343 2296 421 2335 mare
437 2278 575 2334 mirantur
589 2295 649 2334 non
664 2275 788 2334 reddere
802 2277 895 2333 maius

121 2380 262 2440 naturam,
277 2387 337 2443 quo
351 2369 387 2425 sit
401 2378 496 2425 tantus
512 2367 650 2425 decursus
666 2386 815 2441 aquarum,

121 2459 220 2516 omnia
233 2476 293 2532 quo
306 2459 423 2515 veniant
438 2476 474 2514 ex
488 2457 569 2514 omni
583 2457 702 2514 flumina
716 2467 806 2531 parte.
975 2462 1026 2512 610

120 2548 198 2606 adde
213 2567 301 2623 vagos
315 2548 413 2606 imbris
429 2558 675 2623 tempestatesque
689 2548 829 2617 volantes

120 2640 220 2698 omnia
234 2656 309 2713 quae
323 2638 411 2695 maria
426 2656 461 2695 ac
476 2648 564 2695 terras
578 2647 775 2713 sparguntque
789 2637 939 2711 rigantque
951 2655 960 2708 ;

120 2728 198 2786 adde
213 2748 281 2786 suos
295 2729 400 2800 fontis3
424 2738 522 2786 tamen
536 2727 575 2785 ad
590 2728 675 2784 maris
690 2727 789 2785 omnia
804 2744 950 2784 summam

119 2819 211 2893 guttai
225 2819 272 2875 vix
286 2820 374 2876 instar
387 2829 471 2876 erunt
486 2819 570 2876 unius
584 2817 769 2892 adaugmen;

120 2926 180 2983 quo
195 2909 289 2966 minus
304 2919 347 2966 est
361 2909 466 2966 mimm
480 2927 559 2966 mare
574 2927 635 2966 non
646 2925 803 2983 augescere
815 2925 962 2983 magnum.
973 2912 1022 2977 615

118 3010 270 3075 praeterea
284 3018 418 3074 magnam
434 2999 477 3057 sol
492 3008 604 3074 partem
620 2997 744 3056 detrahit
760 3008 850 3055 aestu.

119 3091 230 3166 quippe
244 3089 376 3147 videmus
391 3091 469 3147 enim
483 3090 571 3147 vestis
585 3107 687 3146 umore
702 3087 846 3145 madentis

119 3183 266 3240 exsiccare
281 3182 338 3238 suis
352 3180 439 3239 radiis
454 3180 616 3237 ardentibu’
632 3179 742 3236 solem:

118 3284 148 3330 at
162 3273 264 3347 pelage
280 3272 369 3328 muita
383 3281 412 3329 et
425 3271 483 3328 late
497 3270 638 3328 substrata
652 3267 794 3326 videmus.

118 3362 243 3438 proinde
258 3363 324 3419 iicet
339 3362 469 3436 quamvis
483 3380 520 3418 ex
534 3378 593 3417 uno
608 3377 726 3433 quoque
742 3359 808 3416 loco
822 3356 866 3415 sol
970 3363 1022 3413 620

118 3454 227 3511 umoris
240 3470 357 3528 parvam
373 3450 481 3510 delibet
494 3452 532 3508 ab
546 3467 672 3524 aequore
687 3460 817 3524 partem:
