2498 3894
120 191 188 266 ru]
366 195 420 248 nn
446 195 590 250 RERUM
617 197 790 251 NATURA

118 354 248 430 corporis
262 364 350 430 atque
364 355 461 414 animi.
477 357 509 414 fit
523 357 564 414 uti
579 376 645 433 pars
659 359 728 416 inde
743 359 852 416 animai

118 445 239 503 eiciatur
252 456 282 503 et
296 447 448 504 introrsum
462 465 529 517 pars
543 447 643 506 abdita
656 448 753 519 cedat,

118 552 184 610 pars
199 537 287 593 etiam
301 535 438 593 distracta
452 555 504 611 per
517 547 595 594 artus
609 556 669 595 non
683 548 771 611 queat
786 557 850 598 esse

119 625 276 682 coniuncta
288 626 363 683 inter
376 644 407 684 se
421 644 518 700 neque
534 637 616 684 motu
630 636 732 684 mutua
745 629 826 705 fungi
834 648 845 703 3

118 715 193 772 inter
206 716 285 774 enirn
299 716 392 790 saepit
406 727 507 773 coetus
522 727 623 773 natura
636 720 777 792 viasque3

119 822 188 879 ergo
202 823 302 862 sensns
317 806 377 862 abit
390 806 508 864 mutatis
522 805 650 863 motibus
664 807 732 866 alte.

119 904 149 951 et
162 895 300 968 quoniam
315 913 376 952 non
390 905 435 953 est
449 895 532 969 quasi
546 895 628 969 quod
643 898 785 955 suffulciat
798 907 885 970 artuS,
975 917 1025 970 950

118 983 215 1041 debile
230 985 261 1041 fit
275 1002 382 1059 corpus
396 985 646 1061 languescuntque
661 992 760 1045 omnia
773 989 913 1059 membra,
964 1040 969 1045 ,

118 1074 256 1133 bracchia
269 1073 485 1149 palpebraeque
500 1075 610 1134 cadunt
623 1078 806 1152 poplitesque
821 1079 942 1136 cubanti

118 1183 206 1239 saepe
221 1174 320 1222 tamen
334 1165 553 1224 summittuntur
564 1168 689 1243 virisque
704 1169 862 1226 resolvunt.

119 1254 227 1312 deinde
243 1256 341 1313 cibum
355 1255 486 1331 sequitur
499 1275 628 1331 somnus,
643 1258 721 1334 quia
736 1276 811 1332 quae
826 1258 897 1316 sacit
910 1257 969 1330 air,

118 1345 193 1403 haec
208 1345 314 1404 eadem
328 1347 420 1418 cibus,
434 1348 464 1404 in
476 1367 566 1408 venas
580 1347 651 1406 dum
666 1347 776 1407 diditur
789 1351 894 1420 omnis
975 1366 1006 1422 95
1009 1365 1023 1419 5

119 1435 216 1496 efficit
232 1447 261 1496 et
275 1437 368 1495 multo
382 1456 474 1514 sopor
487 1441 534 1498 ille
549 1439 732 1515 gravissimus
747 1448 840 1497 exstat

119 1543 208 1600 quern
223 1537 301 1586 satur
315 1537 364 1587 aut
377 1528 468 1587 lassus
483 1530 589 1604 capias,
605 1532 673 1603 quia
686 1529 809 1603 plurima
822 1538 884 1587 turn
898 1546 929 1586 se

119 1635 243 1691 corpora
256 1620 432 1677 conturbant
446 1638 554 1694 magno
569 1629 692 1677 contusa
705 1619 813 1677 labore.

119 1706 152 1764 fit
165 1708 276 1766 ratione
291 1709 395 1766 eadem
410 1710 561 1767 coniectus
575 1710 680 1784 partim
695 1709 801 1766 animai

119 1798 202 1855 altior
216 1809 303 1873 atque
318 1800 393 1856 foras
408 1800 518 1856 eiectus
532 1800 637 1874 largior
650 1800 720 1870 eiuS,

119 1899 150 1945 et
163 1887 280 1946 divisior
293 1889 367 1946 inter
380 1907 411 1946 se
425 1907 461 1947 ac
476 1889 639 1947 distractior
652 1890 682 1946 in
697 1897 761 1947 test.

160 1979 199 2036 Et
212 1997 273 2052 quo
288 1979 411 2053 quisque
426 1981 485 2037 sere
499 1979 597 2037 studio
612 1980 764 2038 devinctus
779 1977 918 2036 adhaeret

119 2077 168 2126 aut
183 2068 287 2142 quibus
300 2069 331 2126 in
345 2070 433 2127 rebus
448 2070 571 2127 multum
586 2089 686 2127 sumus
700 2079 767 2127 ante
782 2070 888 2126 morati

119 2168 207 2232 atque
221 2159 251 2215 in
265 2177 301 2216 ea
314 2160 426 2217 ratione
442 2159 494 2217 fuit
508 2170 647 2218 contenta
661 2161 752 2235 magis
766 2178 860 2231 mens,

119 2249 150 2306 in
164 2249 275 2307 somnis
291 2248 396 2306 eadem
409 2249 581 2324 plerumque
595 2250 729 2308 videmur
743 2250 844 2323 obire;
976 2255 1024 2322 965

119 2338 259 2396 causidici
273 2357 375 2397 causas
389 2357 475 2414 agere
489 2350 519 2397 et
533 2358 711 2415 componere
725 2340 813 2415 leges,

119 2427 342 2502 induperatores
357 2447 486 2504 pugnare
501 2448 536 2486 ac
550 2430 661 2506 proelia
675 2430 766 2501 obire,

121 2527 228 2576 nautae
243 2528 426 2576 contractum
440 2537 509 2577 curn
522 2521 616 2577 ventis
631 2519 737 2595 degere
753 2520 871 2592 bellurn,
930 2517 934 2524 ’

120 2626 176 2666 nos
190 2627 275 2684 agere
290 2608 347 2666 hoc
361 2618 460 2667 autem
474 2620 503 2668 et
517 2620 649 2667 naturam
664 2629 802 2684 quaerere
816 2628 913 2667 rerum

119 2716 236 2773 semper
249 2708 279 2757 et
292 2699 442 2757 inventam
456 2701 554 2775 patriis
569 2718 716 2773 exponere
732 2700 846 2758 chartis.
976 2719 1026 2774 970

119 2797 218 2846 cetera
232 2788 273 2846 sic
288 2788 384 2846 studia
398 2800 485 2864 atque
500 2800 575 2847 artes
590 2791 760 2864 plerumque
774 2789 910 2846 videntur

119 2879 273 2936 insomnis
287 2878 400 2936 animos
415 2879 568 2937 hominum
583 2881 715 2937 frustrata
729 2890 838 2938 tenere.

120 2977 150 3026 et
163 2969 341 3044 quicumque
357 2968 420 3026 dies
434 2971 541 3027 multos
557 2988 593 3026 ex
607 2970 710 3027 ordine
724 2969 800 3027 ludis

119 3057 257 3116 adsiduas
272 3057 417 3117 dederunt
431 3078 543 3135 operaS,
559 3061 731 3135 plerumque
745 3059 888 3132 videmus

118 3165 189 3206 cum
201 3147 260 3206 iam
275 3146 446 3207 destiterunt
460 3168 495 3208 ea
509 3151 640 3208 sensibus
654 3168 804 3225 usurpare,
977 3166 1025 3222 975

118 3239 239 3298 relicuas
254 3249 353 3296 tamen
367 3257 430 3297 esse
445 3241 504 3298 vias
518 3242 549 3298 in
563 3250 660 3297 mente
676 3241 810 3315 patentis

120 3345 178 3405 qua
190 3331 305 3407 possint
319 3329 424 3388 eadem
439 3349 534 3388 rerum
549 3331 701 3388 simulacra
714 3332 819 3389 venire.

119 3437 173 3496 per
186 3422 295 3481 multos
309 3422 407 3497 itaque
423 3421 469 3478 illa
482 3420 545 3479 dies
560 3420 665 3479 eadem
680 3421 868 3480 obversantur
