2498 3894
225 224 270 304 46
545 236 775 290 LUCRETIUS
1072 235 1127 304 [11.

227 398 381 459 sensibus
373 397 552 474 introituque
567 416 619 456 suo
634 415 821 474 perrumpere
836 415 952 472 corpus

267 491 376 552 Omnia
389 499 540 566 postremo
554 489 631 546 bona
640 489 776 579 sensibus
791 498 820 545 et
809 489 911 546 tmala
923 497 1002 546 tactu

226 581 413 641 dissimili't
371 600 400 638 in
402 589 445 639 ter
458 599 490 638 se
504 590 635 654 pugnant
635 558 779 654 perfecta
792 578 910 653 figura;

226 682 310 730 netu
279 672 465 729 tutforte
412 681 465 746 put
467 689 498 728 es
512 688 606 728 serrae
621 679 647 727 st
636 669 766 726 tridentis
780 670 919 727 acerbum
1080 690 1129 737 410

226 763 376 820 horrorem
390 772 524 819 constare
541 760 692 817 elementis
706 760 816 817 levibus
831 777 925 834 aeque

226 872 261 910 ac
276 870 396 910 musaea
409 852 493 922 mele,
509 868 562 925 per
575 849 700 907 chordas
715 850 844 924 organici
859 868 934 924 quae

226 942 382 1000 mobilibus
397 941 493 1016 digitis
507 940 712 1014 expergefacta
725 940 868 1013 figurant3

226 1051 284 1090 neu
299 1032 382 1089 simili
396 1041 549 1106 penetrare
563 1039 648 1105 putes
661 1029 822 1104 primordia
836 1031 928 1087 forma
941 1067 943 1071 ν

226 1123 256 1179 in
269 1141 354 1179 nares
368 1122 529 1192 hominurn,
544 1139 612 1177 curn
626 1130 718 1177 taetra
732 1120 874 1177 cadavera
887 1129 1006 1192 torrent,
1080 1141 1109 1188 41
1114 1137 1128 1190 5

227 1221 256 1269 et
271 1230 339 1268 curn
353 1230 442 1269 scena
456 1230 544 1269 croco
559 1211 642 1268 Cilici
656 1211 774 1285 perfusa
786 1229 889 1268 recens
904 1220 948 1268 est

226 1320 333 1376 araque
349 1302 518 1358 Panchaeos
534 1301 648 1358 exhalat
661 1310 781 1375 propter
794 1300 900 1358 odores
911 1321 920 1373 3

226 1410 300 1450 neve
315 1392 409 1450 bonos
423 1409 519 1448 rerum
534 1392 619 1449 simili
634 1402 767 1450 constare
782 1392 895 1449 colores

226 1483 337 1540 semine
352 1482 519 1552 constituas,
535 1482 635 1539 oeulos
650 1483 700 1555 qui
714 1499 833 1556 pascere
847 1489 979 1555 possunt,

227 1582 256 1629 et
270 1572 320 1645 qui
334 1581 526 1647 conpungunt
540 1573 634 1629 aciem
648 1572 855 1646 lacrimareque
871 1581 981 1646 cogunt
1080 1593 1130 1639 420

227 1671 276 1719 aut
290 1661 378 1719 foeda
392 1663 490 1736 specie
505 1661 559 1718 diri
574 1671 730 1736 turpesque
745 1662 889 1719 videntur.

227 1752 322 1810 omnis
336 1753 424 1825 enirn,
440 1770 540 1810 sensus
555 1770 630 1826 quae
645 1753 754 1809 mulcet
768 1770 904 1826 cumque,
919 1752 1010 1827 figura

226 1842 296 1900 haut
311 1844 373 1900 sine
387 1843 550 1917 principiali
564 1843 661 1916 aliquo
676 1843 772 1900 levore
787 1852 929 1914 creatast;

227 1943 256 1990 at
270 1943 372 1991 contra
385 1950 589 2008 quaecumque
604 1933 727 1990 molesta
740 1943 827 2006 atque
842 1950 945 2006 aspera
959 1941 1081 2003 constat,

227 2041 287 2080 non
302 2024 399 2096 aliquo
414 2025 475 2080 sine
491 2023 627 2081 materiae
643 2024 775 2097 squalore
790 2032 938 2096 repertast.
1080 2041 1128 2094 425

227 2123 293 2171 sunt
308 2114 395 2170 etiarn
409 2131 484 2187 quae
499 2114 556 2170 iam
570 2131 626 2170 nec
640 2114 715 2170 levia
729 2114 788 2170 iure
803 2123 941 2188 putantur

227 2222 290 2260 esse
305 2221 400 2276 neque
416 2204 536 2260 omnino
551 2203 631 2260 flexis
646 2204 833 2260 mucronibus
847 2222 934 2274 unca,

226 2293 279 2350 sed
294 2294 385 2369 magis
397 2293 514 2368 angellis
528 2294 647 2367 paulum
661 2293 866 2366 prostantibuS,
881 2293 964 2367 utqui

226 2384 338 2441 titillare
352 2384 444 2458 magis
459 2402 560 2440 sensus
575 2401 663 2456 quain
678 2381 794 2439 laedere
809 2383 940 2456 possint3

226 2474 338 2530 faecula
351 2474 409 2530 iarn
423 2491 482 2547 quo
497 2472 534 2530 de
549 2491 656 2548 genere
670 2482 715 2530 est
728 2472 883 2546 inulaeque
898 2491 1025 2546 sapores.
1080 2493 1130 2543 430

227 2563 354 2637 denique
369 2564 427 2621 ianr
442 2563 552 2621 calidos
567 2563 640 2637 ignis
654 2562 839 2636 gelidamque
853 2563 988 2636 pruinam

192 2662 196 2667 '
227 2653 356 2711 dissimili
371 2654 490 2711 dentata
503 2652 594 2711 modo
609 2671 796 2728 conpungere
811 2671 912 2711 sensus

227 2745 365 2818 corporis,
380 2744 489 2801 indicio
504 2744 589 2801 nobis
604 2754 647 2801 est
662 2753 755 2801 tactus
769 2753 901 2818 uterque.

227 2844 320 2890 tactus
335 2834 422 2904 enirn,
437 2842 540 2915 tactus,
556 2851 609 2907 pro
624 2833 723 2890 divum
737 2834 858 2890 numina
873 2842 981 2905 sancta,

227 2924 356 2997 corporis
371 2933 414 2980 est
429 2942 539 2994 sensus,
554 2924 600 2980 vel
615 2942 683 2980 cum
697 2941 742 2980 res
758 2934 856 2980 extera
869 2941 933 2980 sese
1080 2944 1128 2997 435

226 3013 360 3082 insinuat,
375 3013 421 3069 vel
435 3032 503 3070 curn
517 3013 606 3071 laedit
620 3031 695 3087 quae
710 3014 740 3070 in
755 3031 877 3087 corpore
891 3022 985 3071 natast

227 3112 277 3160 aut
290 3104 368 3160 iuvat
382 3103 534 3177 egrediens
547 3105 678 3178 genitalis
692 3121 745 3178 per
757 3104 879 3161 Veneris
893 3122 947 3176 res,

227 3202 276 3250 aut
290 3210 327 3251 ex
340 3193 453 3250 offensu
468 3212 535 3250 cuin
551 3195 666 3251 turbant
681 3212 803 3268 corpore
819 3194 848 3251 in
863 3194 927 3268 ipso

227 3284 338 3341 semina
351 3283 594 3357 confunduntque
609 3285 683 3359 inter
696 3303 727 3341 se
743 3285 861 3342 concita
874 3302 991 3343 sensum
1001 3306 1011 3358 3

227 3383 259 3432 ut
273 3374 296 3432 si
311 3375 382 3431 sorte
397 3393 485 3431 manu
500 3375 631 3449 quamvis
645 3375 702 3432 iam
718 3375 847 3448 corporis
861 3374 924 3450 ipse
1080 3398 1131 3444 440

211 3528 213 3556 i
226 3472 288 3522 tute
303 3464 354 3522 tibi
368 3474 480 3539 partem
495 3465 578 3522 ferias
591 3473 678 3538 atque
693 3465 850 3540 experiare.
