2498 3894
440 679 474 738 T.
497 679 687 740 LUCRETI
714 679 819 741 CARI

325 881 403 956 DE
445 880 651 956 RERUM
690 880 936 956 NATURA

467 1094 587 1148 LIBER
612 1095 800 1148 TERTIUS.
885 1143 887 1148 ,
1213 1163 1224 1203 s

589 1260 690 1294 ,μ
1098 1127 1193 1258 Δ

181 1393 348 1452 Etenebris
362 1393 448 1450 tantis
462 1401 522 1450 tam
537 1393 646 1450 clarum
660 1392 796 1450 extollere
810 1392 909 1451 lumen
931 1441 980 1480 ω,
989 1405 1061 1524 ‘⁴st
1098 1344 1154 1518 ἰῇ,

181 1485 231 1559 qui
245 1485 356 1559 primus
370 1483 488 1558 potuisti
503 1483 654 1540 inlustrans
669 1462 828 1540 eomn'ioda
840 1483 925 1554 vitae,
975 1550 979 1558 Ι
1046 1413 1104 1553 [l
1132 1514 1135 1524 ι
1175 1481 1232 1558 ”t

181 1584 210 1632 te
225 1592 340 1648 sequor,
355 1591 375 1632 o
390 1573 495 1630 Graiae
510 1573 603 1647 gentis
618 1572 717 1642 decus,
733 1573 821 1653 inque
836 1574 892 1631 tuis
906 1592 985 1631 nunc
1069 1572 1072 1579 ’
1108 1569 1137 1632 .’
1183 1579 1186 1584 ’
1234 1627 1241 1646 ,

111 1599 150 1729 d'
181 1665 236 1722 fr'e'
284 1664 374 1741 edum
388 1681 468 1769 pono
482 1663 587 1737 pressis
601 1663 721 1736 vestigia
734 1652 830 1737 signis,
1174 1707 1196 1746 ·t

180 1772 242 1812 non
256 1755 296 1812 ita
309 1738 440 1811 certandi
454 1752 578 1826 cupidus
593 1770 682 1826 quam
695 1763 815 1827 propter
828 1771 958 1813 amorem
974 1722 1145 1870 [βψ
1173 1751 1246 1797 us*

10 1869 134 1924 auat,
182 1825 264 1919 qdod
278 1855 307 1902 te
322 1844 425 1901 imitari
439 1861 531 1916 aveo,
554 1842 624 1917 quid
639 1843 717 1900 enim
732 1843 892 1902 contendat
905 1845 1031 1906 hirundo
1059 1790 1231 1938 &ng

182 1936 290 2010 cycnis,
305 1944 355 1991 aut
369 1933 509 2008 quidnam
524 1933 651 1990 tremulis
666 1932 761 2025 sapere
776 1935 893 1993 artubus
908 1937 994 1995 haedi
1089 1998 1094 2009 ,
1185 1915 1241 1964 ”’”’

183 2026 333 2083 consimile
347 2025 377 2082 in
392 2043 477 2082 cursu
491 2024 603 2098 possint
617 2033 646 2080 et
660 2023 741 2081 fortis
755 2026 824 2098 equi
836 2027 901 2085 vis?
1083 2014 1092 2041 ⁵
1117 2014 1120 2023 ¹

128 2176 129 2180 ,
182 2126 223 2186 tu,
239 2124 329 2191 pater,
344 2133 375 2172 es
389 2133 484 2171 rerum
499 2115 641 2185 inventor,
658 2123 689 2171 tu
704 2116 796 2189 patria
810 2118 894 2175 nobis

183 2205 352 2280 suppeditas
366 2214 532 2278 praecepta,
547 2205 660 2278 tuisque
676 2223 721 2275 ex,
737 2205 854 2277 inclute,
870 2207 984 2280 chartis,
1056 2230 1085 2265 10

183 2297 311 2353 floriferis
325 2305 356 2352 ut
371 2313 441 2369 apes
455 2295 485 2351 in
500 2294 617 2352 saltibus
631 2296 731 2351 omnia
744 2297 842 2367 libant,

183 2387 282 2444 omnia
296 2403 349 2442 nos
364 2385 464 2442 itidem
480 2384 665 2458 depascimur
679 2404 766 2442 aurea
780 2385 867 2458 dicta,

184 2495 278 2547 aurea,
293 2484 435 2549 perpetua
449 2492 565 2549 semper
580 2474 748 2549 dignissima
760 2476 826 2536 vita.

183 2586 252 2624 nam
267 2566 350 2623 simul
364 2584 399 2621 ac
413 2566 485 2622 ratio
500 2574 550 2622 tua
564 2567 663 2640 coepit
676 2566 825 2647 vociferari

78 2711 84 2727 3
184 2667 316 2713 naturam
330 2655 549 2756 redeimna
562 2667 661 2714 mente
677 2667 785 2730 coorta,
907 2640 949 2702 ω
961 2666 972 2692 ¹
989 2627 1022 2686 Ψ
1057 2679 1085 2732 15

185 2745 338 2820 diffugiunt
351 2746 440 2803 animi
455 2755 587 2818 terrores,
604 2749 720 2804 moenia
733 2747 835 2804 mundi

185 2836 348 2906 discedunt,
364 2845 459 2893 totum
473 2836 560 2893 video
575 2855 627 2911 per
641 2838 726 2895 inane
741 2838 800 2912 geri
814 2855 869 2896 res

185 2937 305 3000 apparet
319 2926 417 2984 divum
434 2945 544 2983 numen
559 2927 703 3002 sedesque
719 2929 833 3002 quietae

186 3034 256 3090 quas
271 3033 367 3089 neque
383 3018 555 3074 concutiunt
568 3019 647 3075 venti
661 3037 716 3075 nec
731 3019 829 3076 nubila
842 3019 948 3078 nimbis

185 3115 342 3179 aspergunt
355 3125 451 3180 neque
466 3108 516 3164 nix
530 3108 588 3164 acri
603 3119 739 3166 concreta
752 3109 855 3182 pruina
1056 3133 1087 3167 20

186 3214 259 3252 cana
273 3195 383 3253 cadens
398 3197 485 3254 violat
499 3215 672 3272 semperque
687 3200 833 3257 innubilus
847 3200 948 3259 aether
972 3247 980 3262 .
1067 3264 1076 3278 Ι
1108 3268 1110 3277 J

185 3287 296 3359 integit,
311 3296 341 3343 et
354 3286 430 3359 large
445 3266 551 3344 diffuso
564 3288 673 3345 lumine
687 3270 791 3375 riddirt.
910 3222 1047 3402 ww}
1132 3286 1134 3288 ’

185 3377 284 3434 omnia
298 3376 465 3453 suppeditat
478 3396 565 3453 porro
579 3389 681 3436 natura
694 3315 898 3631 nequeull?

986 3467 1233 3550 ww,

888 3587 1068 3696 mdab-
1159 3574 1225 3688 92
