2498 3894
130 235 171 314 56
461 245 692 301 nuenarius
973 243 1028 314 [11.

127 410 269 468 continuo
282 409 341 467 hoc
354 427 431 466 mors
446 417 490 466 est
504 408 576 466 illius
591 406 673 483 quod
687 407 740 465 luit
752 416 831 466 ante.

127 500 251 574 proinde
266 501 364 558 colore
380 517 449 557 cave
465 500 616 574 contingas
632 499 744 556 semina
757 517 864 571 rerum,
982 515 1028 570 755

127 607 165 646 ne
180 591 232 648 tibi
246 608 291 647 res
305 589 426 647 redeant
439 589 478 646 ad
492 590 583 646 nilum
597 589 726 647 funditus
742 607 855 658 omnes.

168 684 321 739 Praeterea
335 683 357 739 si
372 683 449 739 nulla
463 683 567 740 coloris
581 683 730 757 principiis
746 692 790 739 est

126 771 241 829 reddita
255 782 356 829 natura
370 782 399 829 et
412 773 495 830 variis
511 783 577 830 sunt
591 772 723 847 praedita
737 772 846 843 formis,

127 880 143 919 e
159 864 262 936 quibus
277 881 364 920 omne
379 881 469 936 genus
483 863 605 937 gignunt
617 864 787 936 variantque
802 862 915 920 colores

125 963 288 1026 propterea,
305 954 401 1027 magni
415 952 496 1026 quod
510 953 596 1011 refert
609 954 722 1011 semina
736 970 871 1027 quaeque
981 957 1029 1018 760

126 1060 194 1099 cum
210 1043 314 1116 quibus
329 1053 358 1100 et
372 1043 449 1117 quali
464 1044 593 1116 positura
607 1044 813 1100 contineantur

126 1141 156 1188 et
170 1151 243 1207 quos
258 1133 333 1189 inter
346 1151 377 1189 se
393 1131 464 1189 dent
478 1143 575 1190 motus
589 1134 803 1207 accipiantque,

125 1223 260 1297 perfacile
276 1223 423 1296 externplo
438 1223 580 1280 rationem
593 1223 717 1280 reddere
732 1223 827 1298 possis

126 1330 177 1369 cur
192 1331 315 1387 eaquae
330 1314 412 1387 nigro
427 1313 531 1370 fuerint
545 1314 633 1387 paulo
647 1324 714 1370 ante
730 1315 838 1384 colore,

125 1421 289 1461 marmoreo
303 1403 365 1460 fieri
379 1404 490 1478 possint
505 1403 633 1460 candore
647 1413 767 1478 repente
778 1424 787 1475 3
979 1408 1026 1473 765

125 1502 158 1550 ut
172 1512 259 1563 mare,
274 1512 342 1550 cum
357 1494 454 1568 magni
468 1503 654 1550 commorunt
667 1511 795 1567 aequora
807 1493 896 1564 venti,

125 1591 243 1647 vertitur
257 1590 286 1646 in
301 1608 390 1647 canos
404 1589 543 1647 candenti
557 1608 700 1647 marmore
715 1590 818 1646 fluctus
830 1609 838 1660 3

125 1679 223 1736 dicere
238 1680 316 1736 enirn
330 1680 433 1754 possis,
448 1681 562 1754 nigrum
577 1679 658 1754 quod
673 1698 761 1754 saepe
774 1678 917 1751 videmus,

124 1770 258 1826 materies
273 1769 322 1826 ubi
337 1771 479 1843 permixta
494 1780 537 1827 est
552 1771 625 1828 illius
639 1778 669 1827 et
682 1770 756 1828 ordo

124 1859 272 1935 principiis
287 1869 412 1916 mutatus
427 1869 457 1917 et
470 1860 571 1918 addita
585 1860 764 1935 demptaque
779 1858 934 1932 quaedam,
977 1879 1026 1926 770

124 1950 263 2007 continuo
279 1949 308 2006 id
322 1950 384 2006 fieri
398 1959 430 2006 ut
444 1950 575 2008 candens
588 1949 721 2008 videatur
734 1960 764 2007 et
779 1950 887 2007 album.

124 2039 205 2114 quod
220 2040 244 2097 si
258 2040 395 2097 caeruleis
410 2050 576 2098 constarent
590 2058 719 2114 aequora
732 2041 816 2114 ponti

57 2161 66 2175 ·
123 2131 290 2201 seminibus,
306 2131 384 2187 nullo
399 2141 519 2206 possent
533 2133 679 2189 albescere
696 2140 804 2204 pacto;

122 2239 191 2278 nam
206 2239 393 2295 quocumque
408 2221 499 2279 modo
513 2223 664 2296 perturbes
679 2221 794 2278 caerula
808 2237 883 2294 quae
898 2219 964 2290 sint,

121 2329 282 2384 numquam
297 2311 326 2367 in
340 2330 536 2368 marmoreum
550 2320 671 2386 possunt
686 2311 807 2385 migrare
822 2311 959 2367 colorem.
978 2327 1023 2380 775

122 2401 166 2458 sin
181 2401 237 2457 alio
251 2411 338 2474 atque
353 2402 409 2458 alio
424 2411 491 2458 sunt
506 2403 617 2459 semina
632 2402 723 2458 tincta
736 2401 835 2457 colore

122 2508 197 2564 quae
211 2492 297 2547 maris
313 2491 442 2547 efficiunt
457 2510 548 2548 unum
563 2509 727 2565 purumque
743 2491 877 2561 nitorem,

120 2590 153 2637 ut
167 2598 255 2654 saepe
270 2599 307 2637 ex
322 2581 383 2638 aliis
397 2581 495 2638 formis
509 2582 651 2656 variisque
667 2581 764 2655 figuris

121 2670 244 2727 efficitur
258 2670 398 2744 quiddam
413 2671 586 2745 quadratum
602 2689 718 2744 unaque
732 2671 832 2745 figura,

120 2760 322 2830 conveniebat,
336 2770 369 2817 ut
383 2761 413 2817 in
427 2761 568 2834 quadrato
584 2762 728 2818 cemimus
743 2778 806 2817 esse
977 2767 1025 2825 780

120 2847 273 2906 dissimiles
287 2848 402 2919 formas,
418 2850 457 2906 ita
472 2868 589 2906 cernere
604 2851 634 2907 in
648 2868 775 2924 aequore
791 2848 875 2924 ponti

119 2947 171 2996 aut
184 2938 241 2994 alio
255 2938 285 2994 in
299 2939 402 3013 quovis
416 2957 476 2996 uno
490 2957 622 3013 puroque
637 2941 731 2999 nitore

119 3027 273 3085 dissimiles
286 3028 373 3102 longe
388 3029 463 3086 inter
477 3047 507 3086 se
522 3031 674 3104 variosque
690 3031 812 3088 colores.

118 3128 271 3194 praeterea
283 3119 323 3175 nil
337 3119 468 3176 officiunt
482 3120 656 3195 obstantque
672 3120 781 3194 figurae

119 3208 273 3266 dissimiles
287 3226 347 3283 quo
362 3208 535 3282 quadratum
549 3211 644 3267 minus
658 3228 746 3267 omne
761 3211 798 3267 sit
812 3218 893 3267 extra
901 3229 911 3282 3
975 3216 1021 3281 785

118 3309 149 3356 at
163 3299 232 3356 varii
246 3318 341 3356 rerum
356 3299 511 3375 inpediunt
524 3300 739 3374 prohibentque
754 3301 868 3358 colores

120 3390 276 3465 quominus
290 3408 353 3447 esse
368 3408 428 3447 uno
442 3391 534 3465 possit
547 3409 593 3447 res
607 3399 669 3447 tota
682 3391 786 3448 nitore.

157 3480 236 3538 Tum
250 3498 337 3556 porro
352 3498 427 3555 quae
443 3479 524 3538 ducit
538 3490 567 3539 et
581 3481 672 3539 inlicit
686 3491 718 3539 ut
732 3481 891 3539 tribuamus
