2498 3894
185 240 229 305 4²
523 239 753 294 nuenarius
1031 238 1087 309 [11.

186 400 274 477 copia
288 400 423 476 conquiri
436 400 535 473 debet,
550 401 666 458 concita
679 418 732 475 per
745 409 822 458 artus

186 492 282 550 omnis
296 501 329 550 ut
342 491 470 550 studium
484 492 590 550 mentis
605 491 711 548 conixa
724 499 878 566 sequatur5

186 591 219 639 ut
231 580 332 640 videas
345 582 448 639 initum
463 591 559 640 motus
573 600 591 638 a
605 580 695 638 corde
710 581 801 638 creari

186 689 224 729 ex
238 672 385 747 animique
399 672 546 729 voluntate
561 671 591 728 id
605 670 766 746 procedere
781 671 917 746 primum,
1041 692 1089 738 270

186 761 255 820 inde
270 761 332 820 dari
346 780 434 837 porro
447 780 500 837 per
513 751 609 819 totum
621 779 728 836 corpus
741 770 771 819 et
784 771 870 821 artus.

186 871 242 909 nec
257 853 377 910 similest
390 862 426 930 ut,
437 871 504 909 cum
519 852 636 927 impulsi
650 851 837 927 procedimus
851 853 910 910 ictu

185 943 291 1000 viribus
306 943 420 1001 alterius
434 943 546 1018 magnis
560 961 727 1018 magnoque
742 952 867 1015 coactu;

186 1052 255 1090 nam
269 1043 332 1090 tum
345 1034 495 1091 materiem
509 1033 597 1091 totius
612 1033 741 1108 corporis
757 1051 877 1091 omnem

185 1127 399 1200 perspicuumst
412 1125 497 1183 nobis
524 1125 619 1183 invitis
634 1125 674 1183 ire
689 1125 818 1200 rapique,
1042 1144 1087 1197 275

186 1215 283 1273 donec
297 1233 362 1272 eam
376 1215 528 1272 refrenavit
542 1232 595 1289 per
608 1216 739 1274 membra
752 1216 893 1274 voluntas

185 1305 281 1363 iamne
296 1305 377 1363 vides
391 1306 484 1380 igitur,
499 1323 679 1380 quamquam
691 1306 734 1364 vis
749 1317 847 1364 extera
861 1306 968 1365 multos

185 1396 273 1470 pellat
287 1405 317 1453 et
331 1396 435 1454 invitos
450 1405 537 1472 cogat
550 1396 712 1470 procedere
727 1415 815 1471 saepe

184 1487 415 1561 praecipitesque
430 1488 501 1562 rapi,
516 1496 616 1547 tamen
631 1505 695 1545 esse
709 1487 739 1544 in
752 1496 874 1562 pectore
888 1495 988 1545 nostro

185 1575 326 1650 quiddam
341 1576 422 1651 quod
436 1586 538 1635 contra
552 1595 682 1653 pugnare
696 1577 870 1652 obstareque
884 1578 997 1652 possit?
1040 1584 1087 1634 280

185 1666 267 1722 cuius
282 1665 320 1723 ad
336 1666 482 1724 arbitrium
498 1685 616 1742 quoque
631 1667 718 1742 copia
732 1669 862 1725 materiai

184 1756 297 1830 cogitur
310 1755 456 1813 interdum
470 1756 548 1814 flecti
560 1774 614 1831 per
627 1757 758 1815 membra
770 1775 824 1832 per
837 1767 914 1816 artus

184 1854 214 1902 et
227 1846 357 1919 proiecta
370 1847 527 1904 refrenatur
540 1856 674 1921 retroque
688 1847 797 1906 residit.

184 1953 272 2010 quare
287 1937 318 1993 in
332 1936 489 1995 seminibus
504 1955 622 2012 quoque
636 1937 716 1995 idem
730 1939 836 1996 fateare
851 1945 1007 2010 necessest,

184 2043 247 2083 esse
262 2026 346 2083 aliam
361 2036 475 2101 praeter
488 2027 586 2102 plagas
601 2038 630 2085 et
643 2027 776 2102 pondera
789 2046 909 2087 causam
1040 2037 1085 2100 285

184 2117 319 2187 motibus
334 2116 414 2175 unde
428 2117 501 2174 haec
515 2127 559 2175 est
572 2119 657 2176 nobis
672 2119 772 2175 innata
785 2129 923 2193 potestas,

184 2205 222 2263 de
236 2207 295 2263 nilo
311 2207 450 2281 quoniam
463 2207 525 2264 fieri
539 2208 579 2264 nil
593 2226 679 2282 posse
693 2207 836 2267 videmus

183 2296 300 2371 pondus
315 2298 392 2354 enim
407 2298 542 2372 prohibet
556 2317 594 2355 ne
608 2298 700 2373 plagis
715 2299 815 2356 omnia
828 2299 900 2356 fiant

184 2396 303 2445 externa
317 2388 398 2462 quasi
412 2389 440 2445 vi
451 2409 460 2460 ;
482 2388 535 2446 sed
549 2407 586 2446 ne
601 2406 684 2445 mens
699 2388 762 2463 ipsa
776 2406 931 2448 necessum

183 2477 351 2535 intestinum
366 2478 471 2535 habeat
485 2479 597 2537 cunctis
611 2478 641 2535 in
655 2479 742 2536 rebus
756 2478 876 2554 agendis
1040 2501 1087 2553 290

183 2576 213 2624 et
226 2565 342 2624 devicta
355 2568 437 2642 quasi
451 2567 508 2624 hoc
523 2577 644 2643 cogatur
658 2569 730 2626 ferre
745 2569 874 2644 patique,

182 2656 212 2715 id
227 2656 297 2715 facit
311 2657 445 2732 exiguum
459 2658 604 2716 clinamen
618 2659 825 2734 principiorum

182 2764 238 2804 nec
252 2748 372 2822 regione
386 2746 444 2804 loci
459 2757 538 2805 certa
551 2766 607 2805 nec
622 2758 755 2822 tempore
770 2759 860 2808 certo.

224 2838 290 2894 Nec
304 2837 407 2911 stipata
420 2838 511 2912 magis
525 2837 578 2895 fuit
592 2856 732 2913 umquam
747 2840 877 2897 materiai

91 3000 95 3009 Ι
183 2927 270 3002 copia
283 2944 339 2983 nec
353 2944 440 3001 porro
455 2927 611 2986 maioribus
625 2929 799 3002 intervallis3
1039 2948 1084 3004 295

182 3034 250 3073 nam
265 3033 362 3090 neque
376 3015 545 3091 adaugescit
558 3018 715 3092 quicquam
730 3036 826 3093 neque
841 3018 955 3094 deperit
970 3020 1049 3080 inde.

183 3114 360 3181 quapropter
373 3123 433 3182 quo
447 3124 526 3164 nunc
540 3107 570 3164 in
586 3118 666 3166 motu
681 3108 890 3183 principiorum

182 3214 306 3271 corpora
319 3204 395 3267 sunt,
409 3196 439 3253 in
454 3196 561 3254 eodem
576 3207 643 3254 ante
657 3208 722 3255 acta
735 3207 829 3256 aetate
844 3199 923 3258 fuere

182 3298 212 3345 et
226 3287 381 3362 posthaec
396 3305 510 3361 semper
524 3288 608 3345 simili
623 3288 734 3346 ratione
748 3289 884 3363 ferentur,

183 3388 212 3436 et
226 3396 301 3453 quae
316 3378 482 3436 consuerint
496 3378 574 3453 gigni
588 3377 742 3453 gignentur
756 3379 861 3437 eadem
1035 3401 1084 3454 300

182 3468 359 3526 condicione
374 3477 403 3525 et
416 3477 501 3526 erunt
515 3477 544 3526 et
558 3477 692 3527 crescent
706 3469 791 3544 vique
806 3471 951 3543 valebunt,
