2498 3894
206 209 258 282 rr]
444 210 497 261 nn
524 210 670 263 neuun
694 209 867 263 NATURA
1066 208 1103 276 55

203 388 270 428 nam
284 369 372 428 veluti
386 378 448 428 tota
462 379 564 428 natura
578 370 729 429 dissimiles
743 381 810 429 sunt
1058 394 1105 439 720

203 461 275 518 inter
289 478 319 518 se
333 460 449 536 genitae
463 479 508 517 res
523 479 666 536 quaeque,
681 462 721 519 ita
735 480 883 536 quamque
897 474 1047 522 necessest

202 550 332 608 dissimili
346 559 479 629 constare
494 551 585 625 figura
599 552 827 626 principiorum3

202 659 262 698 non
276 659 336 715 quo
351 642 442 699 multa
455 659 559 716 parum
574 643 658 699 simili
673 643 729 699 sint
743 643 875 716 praedita
889 644 990 714 forma,

202 730 255 789 sed
269 733 411 806 quianon
424 732 510 807 volgo
524 733 605 807 paria
618 733 753 790 omnibus
767 735 867 790 omnia
881 744 1024 792 constant.

202 821 313 878 semina
326 839 395 878 cum
409 839 496 896 porro
511 822 629 893 distent,
645 822 758 894 differre
772 834 923 883 necessust
1057 842 1103 895 7²5

201 911 347 968 intervalla
360 912 420 968 vias
438 930 568 970 conexus
582 912 715 987 pondera
728 914 827 989 plagas

202 1019 360 1059 concursus
375 1012 482 1073 motus,
498 1021 572 1076 quae
588 1021 649 1059 non
663 1004 797 1061 animalia
811 1005 905 1063 solum

202 1110 327 1166 corpora
340 1093 503 1167 seiungunt,
518 1092 571 1151 sed
584 1104 672 1151 terras
686 1113 721 1150 ac
737 1112 815 1151 mare
830 1104 924 1152 totum

202 1192 358 1240 secernunt
372 1182 542 1257 caelumque
558 1184 669 1241 aterris
684 1202 772 1241 omne
787 1193 941 1242 retentant.

243 1273 333 1330 Nunc
347 1291 401 1348 age
416 1273 495 1331 dicta
508 1291 576 1331 meo
591 1273 669 1331 dulci
684 1275 814 1347 quaesita
828 1274 926 1332 labore
1059 1295 1105 1344 730

202 1363 331 1438 percipe,
342 1381 380 1420 ne
395 1364 467 1421 forte
482 1363 555 1421 haec
569 1364 640 1422 albis
655 1382 691 1420 ex
704 1364 770 1421 alba
783 1364 869 1422 rearis
1120 1372 1183 1469 Ἀ

203 1453 352 1529 principiis
366 1471 438 1523 esse,
455 1464 522 1511 ante
536 1455 638 1512 oculos
653 1472 728 1528 quae
743 1453 870 1511 candida
883 1455 985 1525 cemis‚

221 1552 252 1601 ut
267 1561 391 1619 eaquae
405 1545 518 1619 nigrant
532 1545 615 1619 nigro
630 1543 669 1601 de
684 1545 795 1602 semine
811 1554 898 1616 nata3
918 1603 932 1627 νγ

165 1561 221 1699 V?
203 1632 269 1691 nive
283 1633 371 1692 alium
382 1635 514 1709 quemvis
528 1653 603 1709 quae
619 1644 685 1692 sunt
699 1635 799 1692 inbuta
812 1621 952 1706 colorein,

203 1736 359 1801 propterea
371 1743 470 1800 gerere
484 1725 563 1782 hunc
578 1724 689 1795 credas,
705 1723 786 1799 quod
801 1725 930 1782 materiai
1057 1742 1103 1795 735

203 1832 328 1890 corpora
341 1815 486 1873 consimili
499 1815 556 1872 sint
570 1815 631 1872 eins
646 1816 736 1871 tincta
750 1815 857 1872 colore.

203 1906 297 1963 nullus
312 1905 391 1963 enim
406 1906 486 1963 color'
500 1914 544 1962 est
558 1905 680 1962 omnino
695 1905 824 1962 materiai
1130 1905 1169 1995 >l

204 1996 382 2070 corporibus,
394 2013 490 2070 neque
505 2013 558 2070 par
570 1996 656 2052 rebus
670 2014 766 2069 neque
782 1994 910 2070 denique
925 1994 1029 2070 dispar.

204 2085 235 2143 in
249 2104 324 2160 quae
339 2104 462 2160 corpora
475 2087 499 2143 si
513 2086 607 2142 nullus
622 2086 674 2143 tibi
688 2086 760 2143 sorte
775 2085 889 2143 videtur

204 2194 291 2251 posse
306 2176 395 2234 animi
409 2176 532 2233 iniectus
548 2176 617 2247 fieri,
633 2176 735 2250 procul
749 2177 828 2233 avius
844 2194 930 2234 erras.
1059 2196 1107 2243 740

205 2283 272 2323 nam
287 2284 355 2323 cum
370 2267 528 2341 caecigeni,
544 2266 611 2323 solis
627 2266 676 2339 qui
690 2266 799 2322 lumina
813 2283 974 2340 numquam

205 2355 368 2430 dispexere,
384 2366 483 2414 tamen
498 2366 678 2430 cognoscant
692 2374 817 2430 corpora
830 2365 919 2428 tactu,

205 2464 242 2503 ex
256 2447 374 2504 ineunte
388 2465 461 2504 aevo
475 2447 554 2505 nullo
570 2447 726 2503 coniuncta
741 2447 847 2516 colore,

205 2537 278 2594 scire
293 2537 361 2594 licet
374 2547 489 2594 nostrae
504 2554 623 2611 quoque
638 2536 729 2593 menti
743 2554 866 2610 corpora
880 2554 967 2610 posse

204 2627 279 2684 vorti
292 2627 322 2684 in
336 2628 469 2705 notitiam
483 2627 562 2684 nullo
578 2628 688 2683 circum
703 2627 752 2683 lita
766 2627 843 2684 fuco.

206 2715 334 2791 denique
348 2734 403 2774 nos
417 2716 472 2791 ipsi
487 2717 583 2774 'caecis
597 2735 800 2791 quaecumque
817 2716 943 2774 tenebris
1060 2733 1106 2786 745

205 2807 358 2881 tangimus,
374 2806 453 2865 haud
467 2807 525 2864 ullo
541 2808 680 2864 sentimus
695 2807 785 2863 tincta
800 2807 907 2864 colore.

206 2896 440 2971 quodquoniam
454 2897 541 2954 vinco
555 2898 625 2968 fieri,
640 2915 719 2954 nunc
735 2914 797 2954 esse
813 2896 929 2955 docebo
999 2931 1046 2986 ‘⁷0-

167 2976 220 3034 ἦ
298 3017 937 3035 ········
1039 2990 1043 2999 .

165 3080 169 3089 “
207 3076 302 3134 omnis
316 3077 395 3133 enim
409 3077 490 3135 color
504 3077 624 3135 omnino
638 3086 765 3134 mutatur
779 3077 809 3133 in
823 3078 938 3149 omnis;

207 3165 289 3240 quod
303 3167 397 3224 facere
413 3167 492 3226 haud
506 3169 564 3225 ullo
579 3167 688 3225 debent
701 3167 860 3242 primordia
874 3177 981 3241 pacto;
1061 3184 1109 3236 750

207 3256 387 3316 immutabile
402 3258 480 3316 enim
495 3257 637 3333 quiddam
652 3276 787 3333 superare
802 3267 958 3330 necessest⁷

207 3363 246 3403 ne
260 3364 306 3404 res
320 3346 359 3404 ad
373 3348 463 3406 nilum
476 3348 643 3423 redigantur
656 3346 783 3406 sunditn's
798 3366 909 3406 omnes

207 3453 277 3494 nam
292 3437 502 3514 quodcumque
516 3440 574 3497 suis
588 3448 730 3497 mutatum
745 3439 850 3497 finibus
865 3437 933 3511 exit,

110 3664 269 3757 (hcm
376 3652 577 3735 {alifi-d
838 3635 879 3725 ’.τ
