2498 3894
198 215 266 286 vt]
447 214 503 266 oa
522 213 669 266 RERUM
696 212 868 266 NATURA
1041 213 1104 279 207

199 377 365 453 barbigeras
379 375 503 434 oleaster
516 393 553 433 eo
568 375 645 432 iuvat
658 392 750 449 usque
765 374 901 449 capellas,
1053 394 1103 447 970

198 469 297 526 effluat
311 466 471 525 ambrosius
486 465 568 540 quasi
581 483 659 537 vero,
674 475 703 522 et
717 474 834 530 nectare
849 465 976 538 tinctus3

198 579 256 635 qua
270 560 310 617 nil
324 571 367 617 est
381 559 493 616 homini
507 557 588 632 quod
602 558 720 615 amariu'
736 556 870 616 frondeat
884 574 960 614 esca.

199 653 328 726 denique
342 652 540 709 amaracinum
554 651 655 725 fugitat
669 668 716 707 sus
731 660 761 707 et
775 650 859 707 timet
872 667 961 707 omne

199 752 379 817 ungentum,
401 760 469 799 nam
484 741 629 815 saetigeris
644 740 733 798 subus
747 757 813 797 acre
827 747 1009 810 venenumst,

200 831 282 907 quod
296 850 350 889 nos
365 830 512 888 interdum
525 822 675 904 tamquam
689 847 821 887 recreare
835 829 958 887 videtur.
1053 846 1101 902 975
1192 890 1199 901 ,

199 931 229 979 at
243 932 345 980 contra
358 922 443 994 nobis
458 939 582 978 caenum
597 920 761 988 taeterrima
776 937 843 976 cum
857 919 894 976 sit

199 1013 360 1087 spurcities,
377 1009 482 1068 eadem
496 1011 585 1067 subus
599 1009 673 1066 haec
688 1008 818 1066 iucunda
830 1008 953 1080 videtur,

199 1103 396 1160 insatiabiliter
410 1101 463 1158 toti
478 1109 509 1157 ut
523 1100 674 1158 volvantur
688 1099 808 1157 ibidem.

241 1194 310 1249 Hoc
325 1193 413 1248 etiam
428 1200 568 1264 superest,
584 1189 646 1263 ipsa
660 1206 748 1264 quam
763 1188 861 1246 dicere
876 1187 914 1246 de
928 1205 959 1246 re

199 1280 353 1356 adgredior
366 1280 447 1356 quod
462 1278 623 1337 dicendum
637 1281 716 1354 prius
731 1297 794 1337 esse
808 1278 932 1336 videtur.
1053 1284 1103 1350 980

199 1374 289 1430 multa
303 1373 444 1429 foramina
458 1388 526 1427 cum
540 1371 624 1427 variis
639 1371 696 1428 sint
710 1369 825 1427 reddita
837 1369 933 1440 rebus,

199 1461 330 1520 dissimili
345 1463 419 1519 inter
433 1479 463 1520 se
479 1471 581 1518 natura
594 1460 727 1535 praedita
742 1459 852 1518 debent

200 1571 264 1610 esse
280 1563 309 1609 et
324 1552 430 1609 habere
446 1569 533 1609 suam·
543 1561 675 1609 naturam
690 1567 825 1625 quaeque
840 1550 969 1624 viasque.

199 1643 309 1717 quippe
325 1642 434 1698 etenim
448 1643 517 1699 varii
532 1659 632 1699 sensus
647 1641 842 1699 animantibus
856 1641 963 1713 insunt,

200 1751 324 1807 quorum
338 1733 460 1806 quisque
475 1750 558 1789 suam
572 1732 688 1807 proprie
702 1749 765 1788 rem
779 1731 903 1805 percipit
917 1731 947 1788 in
962 1747 1013 1804 se;
1053 1736 1101 1802 985

199 1841 268 1880 nam
283 1831 435 1896 penetrare
451 1822 506 1879 alio
522 1823 632 1879 sonitus
647 1822 763 1895 alioque
777 1839 913 1896 saporem

199 1913 345 1969 cernimus
360 1930 375 1969 e
391 1912 476 1983 sucis,
491 1913 547 1969 alio
561 1910 671 1968 nidoris
682 1910 797 1970 odores.

201 2012 351 2077 praeterea
365 2019 482 2058 manare
496 2000 575 2058 aliud
589 2019 641 2075 per
655 2019 723 2058 saxa
735 1999 859 2073 videtur,
1054 2018 1104 2071 990

199 2101 287 2164 atque
301 2091 379 2148 aliud
394 2091 486 2165 lignis,
501 2089 580 2147 aliud
597 2091 715 2147 transire
730 2107 783 2164 per
796 2108 908 2161 aurum,

200 2189 377 2254 argentoque
393 2181 468 2237 foras
483 2178 561 2237 aliud
575 2179 707 2252 vitroque
722 2197 829 2237 meare.

201 2288 270 2327 nam
285 2270 372 2327 fluere
388 2269 443 2326 hac
458 2269 580 2343 species,
595 2268 660 2325 illac
675 2268 754 2325 calor
767 2269 807 2326 ire
821 2267 944 2341 videtur,

200 2370 287 2434 atque
303 2359 363 2417 aliis
378 2360 448 2416 aliut
461 2359 546 2415 citius
560 2359 752 2415 transmittere
768 2357 884 2415 eadem.

201 2451 313 2509 scilicet
328 2448 358 2506 id
372 2449 434 2506 fieri
449 2449 527 2522 cogit
540 2457 641 2505 natura
653 2447 763 2504 viarum
1055 2465 1103 2521 995

201 2538 381 2597 multimodis
395 2539 517 2608 varians,
532 2546 565 2594 ut
577 2537 664 2611 paulo
679 2535 860 2594 ostendimus
874 2545 951 2608 ante,

201 2640 322 2707 propter
337 2621 505 2686 dissimilem
520 2637 653 2685 naturam
667 2635 804 2701 textaque
818 2644 924 2686 rerum.

242 2720 437 2793 Quapropter,
451 2719 528 2776 bene
542 2717 592 2775 ubi
607 2716 682 2773 haec
696 2717 868 2774 confirmata
881 2725 968 2791 atque
983 2717 1079 2774 locata

203 2811 303 2868 omnia
318 2809 498 2866 constiterint
512 2808 597 2865 nobis
612 2816 767 2882 praeposta
781 2815 889 2880 parata,

202 2899 285 2974 quod
299 2907 440 2973 superest,
456 2899 538 2956 facile
554 2897 623 2954 hinc
636 2898 710 2955 ratio
724 2895 864 2954 reddetur
877 2905 908 2953 et
921 2895 1017 2954 omnis
1042 2916 1105 2952 1000

202 3007 292 3046 causa
305 2989 425 3063 patefiet
438 3006 513 3062 quae
528 2987 594 3044 ferri
608 2987 735 3061 pelliciat
748 2986 816 3045 vim.

203 3079 347 3153 principio
362 3078 450 3135 fluere
464 3095 481 3135 e
495 3076 593 3151 lapide
608 3076 666 3134 hoc
680 3075 824 3150 permulta
837 3085 986 3135 necessest

203 3170 315 3227 semina
329 3170 388 3227 sive
402 3180 515 3227 aestum
530 3170 580 3243 qui
594 3168 712 3226 discutit
725 3169 792 3224 aera
805 3167 905 3242 plagis,

203 3259 278 3316 inter
292 3259 342 3333 qui
355 3258 483 3334 lapidem
497 3260 662 3332 ferrumque
677 3266 721 3315 est
735 3275 862 3332 cumque
875 3257 998 3317 locatus.

203 3348 262 3407 hoc
274 3349 325 3407 ubi
339 3349 463 3409 inanitur
476 3349 602 3424 spatium
616 3348 782 3423 multusque
795 3347 902 3407 vacefit
1043 3363 1105 3420 1005

204 3438 235 3497 in
249 3437 349 3499 medio
362 3439 453 3512 locus,
468 3438 615 3515 extemplo
629 3437 788 3515 primordia
801 3437 867 3496 ferri
