2498 3894
138 228 182 307 96
473 238 705 293 Lucnsrrus
969 235 1041 306 [111.

137 421 195 461 nec
208 402 315 477 Tityon
329 401 461 459 volucres
477 401 578 458 ineunt
591 400 759 458 Acherunte
774 399 920 457 iacentem

106 554 109 559 ,
137 512 194 551 nec
209 492 291 568 quod
306 493 359 550 sub
374 510 480 566 magno
495 501 658 548 scrutentur
671 501 790 564 pectore
805 490 964 564 quicquam
994 495 1041 561 985

68 620 72 627 ‚
137 593 311 660 perpetuam
324 563 450 640 actitem
464 591 587 657 possunt
600 582 726 655 reperire
741 581 882 656 profecto.

88 680 91 684 ’
114 666 117 670 ’
138 677 299 752 quamlibet
313 676 433 732 immani
446 676 579 750 proiectu
594 675 724 748 corporis
739 682 841 744 exstet,

138 754 189 842 qli
202 784 263 824 non
277 766 339 823 sola
352 783 459 823 novem
473 765 611 840 dispessis
625 761 724 838 iugera
738 763 875 821 membris

138 857 278 931 optineat,
294 854 347 913 sed
361 855 411 930 qui
426 855 510 913 terrai
524 855 612 913 totius
626 855 739 926 orbem,

136 965 199 1004 non
213 955 311 1003 tamen
325 920 476 1003 aeternirm
490 946 597 1021 poterit
610 945 736 1020 perferre
751 943 884 1002 dolorem
994 963 1044 1016 990

46 1034 50 1043 “
137 1055 195 1094 nec
208 1037 346 1111 praebere
361 1036 461 1094 cibum
475 1036 594 1111 proprio
609 1034 647 1092 de
662 1053 784 1110 corpore
799 1018 923 1110 selbper.

138 1127 192 1184 sed
205 1127 310 1202 Tityos
324 1127 408 1184 nobis
423 1127 471 1183 hic
485 1135 538 1199 est,
553 1127 582 1183 in
597 1144 696 1184 amore
710 1127 856 1184 iacentem

138 1235 228 1291 quem
241 1217 374 1274 volucres
389 1217 516 1274 lacerant
529 1225 617 1292 atque
632 1192 713 1275 exdst
727 1217 829 1274 anxius
844 1232 934 1289 angor

138 1316 188 1364 aut
201 1306 256 1364 alia
270 1307 373 1381 quavis
387 1306 526 1364 scindunt
540 1306 708 1382 cuppedine
724 1324 819 1364 curae.

138 1397 275 1473 Sisyphus
290 1398 320 1454 in
333 1397 392 1455 vita
405 1415 523 1472 quoque
538 1398 623 1455 nobis
637 1407 704 1455 ante
720 1396 820 1454 oculos
835 1404 881 1453 est
994 1411 1042 1466 995

138 1487 188 1561 qui
202 1496 301 1562 petere
316 1505 334 1544 a
347 1488 459 1562 populo
473 1489 566 1545 fasces
580 1505 738 1562 saevasque
753 1504 869 1544 secures

137 1577 252 1635 imbibit
267 1587 296 1635 et
311 1596 426 1652 semper
439 1579 532 1636 victus
547 1578 692 1651 tristisque
707 1576 826 1635 recedit.

123 1653 206 1725 fuam
220 1678 321 1743 petere
336 1669 490 1743 imperium
505 1667 587 1743 quod
600 1668 713 1725 inanest
727 1686 783 1725 nec
797 1666 883 1725 datur
893 1684 1042 1740 umquam,

138 1766 225 1832 atque
240 1758 270 1815 in
284 1777 320 1815 eo
335 1776 451 1832 semper
464 1757 570 1815 durum
585 1757 687 1816 suffere
701 1757 841 1832 laborem,

138 1846 195 1906 hoe
210 1857 254 1906 est
267 1847 390 1906 adverso
405 1849 554 1906 nixantem
569 1847 685 1906 trudere
700 1858 801 1906 monte
979 1866 1042 1902 1000

138 1955 239 1996 saxum
254 1937 335 2013 quod
349 1948 447 1995 tamen
461 1956 477 1996 e
492 1956 608 1996 summo
622 1939 680 1995 iam
693 1939 801 1996 vertice
815 1957 914 1996 rusum

137 2028 259 2086 volvitur
273 2037 302 2086 et
316 2029 394 2103 plani
408 2029 512 2103 raptim
526 2029 599 2103 petit
613 2046 741 2102 aequora
755 2029 861 2103 campi.

137 2118 245 2176 deinde
260 2119 348 2175 animi
363 2120 503 2193 ingratam
521 2130 652 2176 naturam
667 2137 788 2193 pascere
802 2137 918 2193 semper

137 2217 225 2283 atque
241 2208 356 2283 explere
370 2209 454 2266 bonis
469 2209 557 2267 rebus
573 2209 733 2283 satiareque
748 2227 918 2282 numquam,

138 2298 219 2373 quod
233 2300 341 2356 faciunt
356 2299 440 2356 nobis
454 2317 596 2356 annorum
612 2309 754 2374 tempora,
770 2299 880 2389 circum
974 2315 1040 2385 ⁴1005

137 2407 206 2446 cum
219 2389 343 2447 redeunt
357 2389 490 2462 letusque
505 2389 601 2447 ferunt
614 2391 767 2471 variosque
782 2390 905 2464 lepores,
959 2388 980 2466 χ’

136 2497 193 2536 nec
207 2489 305 2536 tamen
320 2479 470 2553 explemur
482 2480 551 2537 vitai
564 2480 704 2538 fructibus
718 2498 868 2554 umquam,

137 2569 203 2640 hoc,
218 2578 249 2626 ut
263 2570 375 2644 opinor,
390 2569 421 2626 id
436 2580 489 2640 est,
505 2588 579 2628 aevo
594 2571 716 2630 florente
731 2572 854 2659 puqllas‘

137 2658 219 2734 quod
233 2660 524 2737 memorantlaticem
539 2670 689 2736 pertusum
702 2677 860 2736 congerere
874 2650 977 2730 iuvas,
1000 2656 1041 2709 os·-
1056 2684 1059 2689 ·

137 2748 218 2824 quod
232 2759 330 2806 tamen
344 2749 453 2824 expleri
466 2751 544 2808 nulla
557 2752 667 2809 ratione
682 2761 822 2826 potestur.
980 2771 1042 2807 1010

137 2839 280 2896 Cerberus
295 2849 324 2896 et
338 2840 426 2897 furiae
442 2840 501 2898 iam
514 2859 583 2898 vero
598 2850 628 2900 et
640 2841 714 2900 lucis
728 2852 851 2917 egestas,

135 2929 270 2986 Tartarus
284 2929 438 2988 horriferos
452 2940 586 2989 eructans
600 2932 731 2991 faucibus
745 2936 958 3003 aestus,·-³‘
973 2938 988 2973 ‘f
1012 2935 1028 2963 ‘
1059 2934 1069 2961 l

136 3019 187 3093 qui
200 3037 296 3093 neque
310 3030 377 3077 sunt
391 3039 515 3095 usquam
528 3040 585 3079 nec
599 3031 722 3097 possunt
737 3041 800 3079 esse
815 3021 957 3097 profecto.

136 3107 190 3165 sed
203 3120 297 3167 metus
312 3110 341 3167 in
354 3110 413 3168 vita
426 3129 585 3185 poenarum
600 3129 654 3186 pro
668 3111 743 3170 male
758 3113 839 3170 sactis

137 3207 181 3254 est
194 3184 352 3272 insignibus
366 3189 494 3275 insignis,
510 3201 684 3274 scelerisque
698 3201 791 3276 luella,
978 3219 1039 3272 1015

135 3306 234 3344 carcer
247 3297 277 3345 et
290 3288 430 3348 horribilis
445 3291 482 3348 de
497 3309 566 3350 saxo
580 3291 668 3349 iactu'
682 3290 829 3363 deorsum,

134 3377 255 3436 verbera
268 3370 419 3437 carnifices
432 3381 520 3439 robur
532 3381 583 3456 pix
595 3381 735 3441 lammina
747 3385 850 3440 taedae
862 3404 870 3454 ;
908 3419 932 3453 ,,-,

136 3486 211 3542 quae
226 3478 324 3526 tamen
339 3469 392 3526 etsi
406 3470 520 3544 absunt,
535 3482 564 3530 at
577 3491 661 3532 mens
675 3473 730 3533 sibi
743 3474 862 3532 conscia
877 3472 977 3532 lactis.
1022 3504 1030 3527 r
