2498 3894
10 2075 16 2106 i

10 2400 36 2422 ι.

11 2438 120 2515 .ᾶώ

149 212 220 285 ΙΙΙ.]
390 215 444 267 DE
470 216 617 268 RERUM
645 216 816 269 NATURA
1008 202 1053 281 69

145 391 192 431 res
206 373 295 431 animi
308 391 414 449 pacem
427 373 537 433 delibat
551 386 683 450 tempore
698 376 729 432 in
742 375 811 432 ullo.

146 472 176 520 at
190 473 291 521 contra
304 482 448 539 nusquam
462 476 603 539 apparent
617 466 778 523 Acherusia
790 462 923 557 templa,
1021 481 1050 534 ²5

146 554 300 646 necsstellus
314 554 411 613 obstat
425 556 497 629 quin
511 556 610 613 omnia
624 555 822 630 dispiciantur,
981 512 1197 687 norff*

146 644 201 702 sub
215 644 339 727 pedibus
354 664 557 720 quaecumque
572 646 644 702 infra
657 664 710 719 per
724 646 810 702 inane
825 653 970 720 geruntur.
1159 718 1165 730 .

146 733 191 792 his
205 730 245 817 1bi
259 738 306 792 nie
321 736 407 794 rebus
421 734 568 810 quaedam
584 734 682 792 divina
697 736 829 809 voluptas
928 706 1064 825 ψ
1168 722 1173 749 ⁷
1221 806 1226 811 ¹

146 823 271 900 percipit
284 824 381 899 adque
396 825 506 895 horror,
522 824 604 900 quod
618 826 659 883 sic
674 835 776 883 natura
790 834 840 882 tua
853 825 882 885 vi
1133 815 1135 821 ’
1247 811 1249 820 ’

146 924 207 972 tam
221 916 373 972 manifesta
387 926 489 990 patens
505 934 543 972 ex
557 917 638 973 omni
652 926 734 990 parte
748 924 859 972 retecta
872 923 924 973 est.
1020 934 1071 985 30,

188 1002 380 1078 Et'quoniam
395 1005 493 1076 docui,
509 1015 680 1063 cunctarum
695 980 815 1063 erldrdia
828 1023 925 1065 rerum
997 1029 1155 1090 pom„

147 1095 244 1170 qualia
257 1096 314 1152 sint
328 1106 357 1152 et
371 1114 459 1170 quarn
474 1097 558 1154 variis
572 1074 709 1153 distmtia
723 1096 822 1154 formis
966 1112 1080 1195 m
1120 1129 1176 1202 ιλ,

148 1194 253 1260 sponte
269 1204 321 1243 sua
334 1187 455 1243 volitent
469 1196 589 1244 aeterno
603 1187 716 1260 percita
730 1195 812 1242 motu
909 1171 1117 1274 Md
1173 1171 1233 1250 Α)

148 1293 244 1350 quove
259 1275 349 1377 modo
364 1277 477 1351 possint
490 1295 535 1334 res
550 1294 587 1334 ex
601 1276 645 1333 his
661 1293 795 1350 quaeque
809 1274 910 1346 creari,
1067 1301 1187 1396 m

148 1365 235 1424 hasce
250 1366 413 1423 secundum
426 1385 472 1424 res
486 1367 576 1423 animi
591 1376 694 1424 natura
706 1366 821 1422 videtur
1020 1380 1051 1433 35

147 1466 236 1530 atque
250 1457 364 1514 animae
379 1456 516 1513 claranda
529 1457 602 1513 meis
617 1457 675 1513 iam
689 1456 818 1516 versibus
834 1472 897 1511 esse

148 1554 178 1603 et
192 1556 286 1604 metus
300 1547 346 1603 ille
360 1547 435 1604 foras
450 1565 590 1620 praeceps
605 1546 779 1603 Acheruntis
794 1543 934 1619 agendus,
973 1529 1066 1624 ἅμα)
1084 1537 1202 1649 m
1246 1612 1249 1618 Δ

148 1635 278 1694 funditus
293 1636 449 1693 humanam
464 1637 514 1711 qui
528 1638 617 1694 vitam
631 1636 728 1693 turbat
742 1638 779 1693 ab
794 1636 869 1712 imO,
935 1654 1016 1709 Α»,
1032 1632 1225 1890 Za*

1232 1311 1249 1375 ί

1200 1370 1214 1394 ”«

148 1727 249 1785 omnia
262 1726 429 1784 suffundens
444 1728 544 1784 mortis
559 1728 672 1801 nigrore
687 1744 785 1800 neque
799 1725 888 1782 ullam
1046 1730 1051 1745 '
1129 1755 1249 1798 ,ΜΗ

147 1835 212 1876 esse
226 1817 405 1892 voluptatem
420 1816 560 1891 liquidam
574 1835 737 1890 puramque
752 1815 897 1889 relinquit.
968 1818 972 1824 '
1021 1834 1054 1881 40
1160 1815 1249 1904 ΝΑ

40 1844 56 1877 'l

10 1849 139 2058 ξω(
148 1925 218 1966 nam
232 1889 314 1982 qribd
328 1925 415 1982 saepe
430 1908 563 1964 homines
578 1908 697 1964 morbos
711 1907 802 1980 magis
818 1922 881 1963 esse

896 1905 918 1962 ti
950 1922 966 1963 e
989 1903 1043 1964 dos

148 1975 345 2071 insainemque
360 1998 454 2055 serunt
467 1998 554 2054 vitam
569 2016 657 2072 quam
670 1999 790 2054 Tartara
802 1995 870 2076 leti,
893 1923 1023 2120 §ZZZ
1060 1997 1117 2044 Μ
1128 1995 1197 2040 Μ

148 2098 179 2146 et
193 2106 224 2146 se
238 2089 312 2146 scire
326 2087 440 2144 animae
455 2098 587 2144 naturam
602 2088 751 2162 sanguinis
766 2104 830 2144 esse
976 2009 1052 2169 <j

149 2188 198 2236 aut
212 2179 300 2236 etiam
311 2178 399 2248 venti,
415 2179 437 2235 si
453 2179 506 2235 sert
520 2178 560 2235 ita
573 2179 645 2235 forte
661 2177 803 2248 voluntas

148 2258 338 2359 neqprosr'im
353 2268 512 2342 quiequam
526 2278 641 2325 nostrae
655 2267 759 2326 rationi
792 2245 942 2341 egerei(
1021 2282 1053 2334 45
1115 2303 1120 2312 ·

149 2358 218 2416 hinc
232 2359 300 2416 licet
314 2340 590 2416 advertasanlmum
605 2358 697 2432 magis
712 2358 812 2414 omnia
825 2355 918 2416 laudis

149 2448 249 2506 iactari
263 2467 453 2540 causa7quam
468 2447 550 2521 quod
564 2467 609 2505 res
626 2448 690 2522 ipsa
704 2447 855 2521 probetur:
1035 2401 1187 2495 osted(

149 2547 278 2596 extorres
284 2521 371 2595 idem
386 2538 479 2612 patria
492 2538 637 2612 longeque
653 2537 742 2611 fugati

150 2638 311 2702 conspectu
326 2646 363 2685 ex
376 2628 539 2698 hominurn,
554 2626 664 2684 foedati
680 2627 800 2683 crimine
814 2625 900 2700 turpi,

82 2752 89 2789 ;
149 2720 286 2778 omnibus
300 2719 444 2778 aerumnis
459 2717 568 2776 adfecti
582 2699 833 2806 deiiiqueyivunt,

65 2810 80 2883 J

150 2819 181 2868 et
194 2826 382 2883 quocumque
397 2818 495 2866 tamen
510 2808 608 2866 miseri
621 2825 727 2864 venere
742 2790 896 2881 parbntant
928 2788 1037 2868 ianss
1057 2841 1069 2866 ι

132 2908 182 2957 vet
193 2899 289 2974 nigras
303 2908 432 2957 mactant
446 2898 576 2974 pecudes
591 2907 621 2955 et
635 2898 764 2955 manibu'
780 2896 852 2954 divis
887 2861 957 3018 ⁸

151 2989 266 3048 inferias
281 2990 398 3047 mittunt
412 2990 564 3064 multoque
579 2989 610 3046 in
623 2989 710 3046 rebus
724 2987 837 3046 acerbis

151 3080 245 3138 acrius
259 3078 413 3137 advertunt
426 3080 538 3138 animos
553 3078 591 3136 ad
605 3079 784 3153 religionem.

151 3187 213 3245 quo
227 3171 317 3245 magis
331 3170 362 3227 in
371 3168 466 3228 dubiis
481 3149 631 3228 homin'e‘m
646 3177 777 3243 spectare
792 3165 907 3242 periclis

152 3260 292 3318 convenit
305 3259 490 3334 adversisque
504 3261 536 3318 in
549 3260 635 3317 rebus
650 3277 772 3317 noscere
787 3259 837 3332 qui
852 3258 906 3328 sit;

151 3368 222 3411 nam
235 3368 320 3408 verae
333 3368 422 3408 voces
436 3361 498 3408 turn
512 3350 633 3408 demum
648 3360 767 3425 pectore
782 3349 819 3407 ab
834 3348 894 3405 imo

152 3440 297 3501 eiciuntur
309 3449 340 3500 et
353 3441 470 3516 eripitur
483 3458 618 3516 persona,
632 3449 732 3498 manet
745 3458 800 3498 res.
