2498 3894
138 274 199 336 114
468 271 698 325 LUCRETIUS
971 271 1038 344 [IV.

132 431 231 491 dicere
246 449 297 490 eos
312 440 422 503 contra,
438 449 513 506 quae
528 441 591 489 tota
604 431 641 489 ab
656 431 787 489 sensibus
802 440 865 489 orta
878 433 943 490 est?

132 522 183 598 qui
196 522 250 580 nisi
265 531 331 579 sunt
344 522 414 592 veri,
429 522 501 579 ratio
517 540 634 596 quoque
649 521 719 578 falsa
732 522 765 579 fit
779 523 884 580 omnis,
988 531 1036 594 485

131 631 170 670 an
184 621 321 688 poterunt
334 612 437 670 oculos
451 629 533 669 aures
547 611 770 687 reprehendere,
783 631 821 668 an
835 630 918 670 aures

130 704 246 761 tactus?
265 721 302 760 an
318 701 396 759 hunc
410 720 497 777 porro
512 712 622 759 tactum
637 719 723 776 sapor
736 712 836 776 arguet
849 703 915 773 oris,

130 811 169 850 an
183 793 376 851 confutabunt
389 811 473 850 nares
488 792 601 850 oculive
615 792 784 849 revincent?

129 901 200 953 non,
215 893 247 940 ut
261 884 375 958 opinor,
390 883 430 939 ita
444 892 495 939 est.
511 901 579 939 nam
595 901 725 940 seorsum
739 882 845 956 cuique
860 893 989 957 potestas

130 973 256 1044 divisast,
268 992 320 1031 sua
330 974 372 1031 vis
387 973 529 1047 cuiquest,
545 972 673 1046 ideoque
688 990 807 1030 necesse
823 986 867 1030 est
986 997 1048 1048 490,

130 1072 160 1119 et
173 1063 255 1137 quod
269 1064 355 1121 molle
367 1063 402 1121 sit
417 1073 446 1120 et
459 1062 588 1137 gelidum
603 1063 751 1120 fervensve
766 1081 895 1121 seorsum

130 1162 159 1210 et
172 1170 302 1210 seorsum
316 1154 410 1211 varios
424 1171 519 1210 rerum
534 1153 640 1210 sentire
655 1153 768 1210 colores

129 1252 159 1300 et
173 1261 377 1317 quaecumque
392 1243 532 1301 coloribu’
548 1243 605 1299 sint
618 1243 776 1300 coniuncta
789 1241 896 1301 videre.

130 1351 245 1391 seorsus
260 1335 329 1391 item
345 1352 431 1408 sapor
444 1335 502 1391 oris
516 1333 604 1390 habet
618 1333 686 1404 vim,
702 1351 815 1391 seorsus
830 1332 936 1393 odores

127 1434 294 1495 nascuntur,
310 1442 422 1482 sorsum
437 1425 556 1481 sonitus.
572 1422 701 1498 ideoque
717 1441 837 1481 necesse
853 1434 897 1483 est
982 1445 1033 1501 495

127 1531 189 1570 non
203 1515 315 1588 possint
328 1514 399 1571 alios
414 1515 461 1571 alii
476 1514 652 1571 convincere
667 1531 778 1572 sensus

127 1621 189 1660 neo
199 1622 286 1678 porro
301 1613 437 1679 poterunt
451 1604 505 1678 ipsi
519 1603 734 1678 reprehendere
749 1621 822 1675 sese,

126 1711 221 1768 aequa
234 1693 308 1752 fides
324 1695 463 1768 quoniam
478 1694 598 1753 debebit
613 1713 729 1768 semper
742 1694 850 1752 haberi.

125 1786 250 1861 proinde
264 1785 346 1861 quod
360 1788 390 1844 in
405 1798 550 1862 quoquest
564 1787 608 1845 his
622 1787 714 1844 visum
731 1797 873 1862 ternpore,
887 1799 1024 1848 verumst

125 1885 155 1932 et
169 1877 192 1933 si
206 1894 268 1933 non
282 1877 388 1952 poterit
402 1877 474 1934 ratio
490 1877 646 1934 dissolvere
661 1896 789 1947 causam,
984 1899 1033 1951 500

125 1984 177 2022 cur
191 1985 226 2023 ea
240 1985 314 2041 quae
329 1968 433 2024 fuerint
448 1968 548 2024 iuxtim
564 1966 713 2041 quadrata,
728 1966 830 2042 procul
845 1966 902 2026 sint

123 2057 183 2114 visa
197 2057 331 2127 rutunda,
347 2067 445 2114 tamen
459 2068 586 2132 praestat
600 2058 718 2115 rationis
734 2068 871 2132 egentem

123 2146 246 2204 reddere
262 2147 405 2205 mendose
421 2167 521 2205 causas
536 2149 683 2222 utriusque
699 2149 817 2222 figurae,

124 2254 212 2310 quam
227 2238 360 2295 manibus
375 2238 526 2295 manifesta
540 2239 597 2296 suis
613 2240 744 2302 emittere
760 2256 911 2313 quoquam

124 2338 154 2384 et
167 2328 273 2385 violare
288 2328 377 2384 fidem
392 2323 559 2402 primamet
574 2329 736 2386 convellere
750 2338 814 2386 tota
959 2386 963 2392 ,
983 2349 1030 2404 505

122 2417 313 2475 fundamenta
327 2419 431 2493 quibus
446 2420 559 2476 nixatur
572 2420 630 2476 vita
644 2420 787 2494 salusque.

122 2529 183 2567 non
197 2510 288 2568 modo
304 2512 382 2568 enim
397 2511 470 2568 ratio
485 2520 548 2568 ruat
562 2511 666 2582 onmis,
682 2513 740 2569 vita
753 2530 873 2587 quoque
887 2512 951 2589 ipsa

122 2599 260 2658 concidat
274 2601 432 2675 extemp10,
443 2601 498 2658 nisi
512 2601 631 2659 credere
646 2603 778 2660 sensibus
792 2604 869 2660 ausis
897 2660 899 2664 Α

121 2691 345 2766 praecipitisque
361 2691 442 2748 locos
456 2692 546 2748 vitare
562 2701 593 2748 et
608 2702 705 2749 cetera
718 2710 794 2767 quae
808 2693 875 2752 sint.
980 2711 1030 2766 5¹0

121 2781 168 2838 illa
181 2782 234 2839 tibi
248 2790 291 2839 est
305 2782 390 2856 igitur
403 2781 558 2839 verborum
572 2783 659 2856 copia
673 2801 756 2840 cassa

121 2872 216 2929 omnis
231 2889 305 2945 quae
320 2882 422 2930 contra
435 2888 536 2928 sensus
551 2872 690 2928 instructa
703 2882 838 2947 paratust.

121 2960 248 3034 denique
263 2961 337 3018 utin
352 2962 468 3032 fabrica,
484 2962 507 3018 si
521 2970 635 3036 pravast
649 2963 748 3036 regula
761 2964 863 3037 prima,

119 3068 280 3123 normaque
295 3050 319 3106 si
333 3050 417 3107 fallax
430 3052 516 3108 rectis
531 3052 696 3124 regionibus
713 3054 782 3126 exit,

120 3150 150 3197 et
163 3141 258 3197 libella
272 3140 368 3214 aliqua
382 3140 406 3197 si
420 3158 457 3198 ex
470 3141 546 3215 parti
561 3141 706 3199 claudicat
720 3141 819 3215 hilum,
978 3163 1026 3217 515

119 3231 217 3288 omnia
230 3229 372 3287 mendose
387 3231 448 3287 fieri
462 3241 550 3304 atque
566 3232 681 3307 obstipa
695 3249 815 3290 necesse
831 3242 876 3291 est

118 3338 206 3394 prava
220 3321 354 3378 cubantia
369 3340 461 3396 prona
474 3321 579 3394 supina
592 3333 679 3396 atque
694 3311 804 3381 absona
817 3333 905 3396 tecta,

118 3410 177 3468 iam
189 3429 271 3469 ruere
285 3422 318 3470 ut
331 3411 476 3488 quaedam
490 3411 644 3471 videantur
657 3413 740 3484 velle,
754 3425 898 3491 ruantque

119 3500 236 3576 prodita
249 3502 361 3563 iudiciis
375 3504 524 3565 fallacibus
539 3505 639 3563 omnia
652 3505 761 3581 primis,
