2498 3894
123 213 177 285 rs]
358 214 414 267 ns
439 213 585 268 Renum
613 215 785 269 NATURA
980 218 1021 282 43

120 383 262 448 quantum
277 373 383 448 cuique
398 371 499 431 datum
514 382 558 431 est
571 391 625 448 per
638 374 758 432 foedera
770 376 891 433 naturai.

120 483 176 522 nec
190 482 287 522 rerum
301 482 445 522 summam
461 474 641 523 commutare
656 465 713 522 ulla
726 476 824 540 potest
839 468 880 524 vis
892 487 901 539 ;

119 573 188 612 nam
202 572 309 630 neque,
324 572 384 629 quo
398 554 489 628 possit
502 572 594 629 genus
608 556 698 613 ullum
713 557 843 615 materiai

120 644 246 720 effugere
255 663 292 702 ex
300 645 390 717 omni,
399 645 556 720 quicquam
567 655 610 703 est
619 655 708 717 extra,
718 664 814 721 neque
825 648 853 703 in
863 665 952 705 omne
975 665 1021 718 305

119 735 199 792 unde
214 744 316 793 coorta
329 743 418 809 queat
431 753 508 792 nova
521 735 564 793 vis
578 737 743 811 inrumpere
759 747 789 794 et
803 755 923 794 omnem

119 835 250 883 naturam
264 844 361 883 rerum
375 835 486 884 mutare
501 835 530 883 et
544 837 653 884 vertere
669 838 774 886 motus.

160 916 237 974 illud
252 917 282 974 in
297 916 341 975 his
356 917 441 974 rebus
456 935 517 974 non
531 927 575 974 est
589 917 726 989 mirabile,
742 936 841 992 quare,

120 1007 220 1065 omnia
234 1025 302 1065 cum
317 1024 412 1064 rerum
425 1006 583 1081 primordia
597 1007 653 1064 sint
667 1008 696 1065 in
711 1018 802 1080 motu,

119 1115 234 1155 summa
248 1107 348 1154 tamen
363 1115 477 1154 summa
491 1097 621 1154 videatur
635 1107 710 1156 stare
725 1099 832 1172 quiete,
975 1117 1023 1167 310

118 1198 322 1263 praeterquam
337 1186 433 1261 siquid
446 1188 564 1262 proprio
579 1187 630 1245 dat
644 1207 766 1262 corpore
781 1199 886 1247 motus.

119 1279 214 1337 omnis
228 1278 307 1335 enim
322 1277 408 1352 longe
423 1278 528 1336 nostris
541 1278 579 1335 ab
594 1278 725 1336 sensibus
740 1279 812 1336 infra

118 1369 279 1444 primomm
293 1377 396 1425 natura
409 1368 503 1426 iacet:
527 1378 712 1443 quapropter,
727 1369 776 1426 ubi
792 1370 853 1443 ipsa

119 1476 238 1516 cernere
253 1459 311 1516 iam
325 1476 464 1533 nequeas
479 1469 576 1516 motus
590 1476 708 1533 quoque
724 1477 840 1534 surpere
855 1459 964 1518 debent
976 1482 983 1531 ;

118 1549 288 1625 praesertim
303 1567 381 1620 cum,
397 1566 472 1624 quae
486 1549 631 1623 possimus
646 1567 773 1619 cernere,
788 1550 884 1607 celent
974 1571 1002 1620 31
1007 1569 1021 1622 5

119 1657 208 1714 saepe
222 1648 322 1696 tamen
336 1646 433 1696 motus
448 1641 542 1713 spatio
557 1638 678 1696 diducta
692 1639 832 1698 locorum.

118 1747 188 1786 nam
202 1746 290 1804 saepe
305 1730 335 1786 in
350 1729 417 1787 colli
430 1728 587 1786 tondentes
602 1729 708 1803 pabula
721 1729 797 1786 laeta

118 1819 263 1894 lanigerae
277 1829 394 1893 reptant
407 1818 538 1893 pecudes
553 1836 614 1894 quo
628 1837 775 1894 quamque
790 1831 929 1879 vocantes

119 1909 242 1967 invitant
255 1909 363 1968 herbae
376 1920 559 1984 gemmantes
572 1927 637 1967 rore
652 1910 771 1983 recenti,

120 2008 150 2057 et
163 1999 257 2057 satiati
271 2000 336 2074 agni
352 1999 457 2057 ludunt
470 1999 638 2074 blandeque
653 2010 826 2072 coruscant;
975 2021 1023 2072 320

120 2089 219 2146 omnia
233 2107 309 2163 quae
323 2090 408 2148 nobis
423 2090 510 2164 longe
525 2091 647 2148 confusa
659 2089 794 2148 videntur

120 2188 151 2237 et
163 2179 243 2237 velut
255 2179 285 2237 in
298 2179 382 2237 viridi
396 2179 507 2237 candor
521 2181 680 2238 consistere
695 2180 770 2238 colli.

120 2279 271 2345 praeterea
283 2288 406 2345 magnae
421 2269 551 2344 legiones
565 2289 633 2327 cum
648 2270 713 2327 loca
727 2288 813 2328 cursu

121 2377 295 2435 camporum
308 2360 459 2434 complent
472 2360 539 2419 belli
554 2360 706 2418 simulacra
719 2361 839 2431 cientes,

120 2449 213 2525 fulgor
227 2449 267 2508 ibi
281 2448 320 2507 ad
334 2450 448 2507 caelum
463 2468 494 2508 se
508 2451 582 2508 tollit
596 2460 715 2525 totaque
730 2451 840 2508 circum
976 2472 1023 2525 3²5

121 2557 187 2598 aere
201 2538 359 2598 renidescit
372 2540 456 2598 tellus
470 2550 627 2615 supterque
642 2542 733 2598 virum
747 2541 776 2599 vi

121 2630 233 2688 excitur
246 2630 371 2704 pedibus
385 2631 496 2689 sonitus
511 2631 696 2705 clamoreque
711 2641 826 2689 montes

121 2720 171 2777 icti
185 2721 325 2778 reiectant
338 2738 426 2779 voces
440 2720 479 2779 ad
493 2720 587 2779 sidera
601 2720 704 2779 mundi

121 2819 151 2869 et
166 2810 398 2869 circumvolitant
412 2812 524 2886 equites
539 2811 715 2886 mediosque
730 2821 850 2887 repente

121 2901 283 2958 tramittunt
296 2901 392 2959 valido
407 2902 568 2977 quatientes
582 2902 690 2976 impete
705 2921 834 2977 campos.
977 2923 1025 2973 330

122 2999 265 3050 ettamen
279 3001 323 3050 est
337 2991 457 3067 quidam
472 2993 553 3050 locus
568 2992 630 3050 altis
645 2993 792 3050 montibus
807 2991 886 3050 unde

122 3089 198 3139 stare
211 3080 348 3140 videntur
361 3091 392 3140 et
405 3083 435 3140 in
450 3083 560 3157 campis
575 3083 732 3140 consistere
747 3083 846 3156 fulgor.

164 3172 254 3230 Nunc
267 3190 322 3248 age
337 3172 394 3230 iam
408 3172 548 3247 deinceps
563 3181 733 3229 cunctarum
749 3173 867 3230 exordia
880 3190 975 3229 rerum

123 3262 221 3337 qualia
233 3261 334 3320 sint-et
347 3280 435 3336 quarn
449 3262 535 3336 longe
550 3262 687 3320 distantia
700 3262 798 3320 fonnis

122 3352 252 3428 percipe,
266 3351 430 3438 multigenis
445 3369 533 3426 quam
548 3353 605 3410 sint
617 3353 724 3410 variata
737 3352 855 3428 figuris;
977 3368 1023 3421 335

123 3459 185 3501 non
198 3458 259 3519 quo
273 3440 364 3500 multa
377 3435 480 3517 parum
494 3442 579 3501 simili
592 3443 649 3502 sint
662 3443 794 3518 praedita
807 3442 908 3514 forma,
