2498 3894
166 239 225 316 138
492 249 723 305 LUCRETIUS
1015 249 1064 320 [v.

160 410 231 486 quid
248 410 413 468 Nemeaeus
428 410 506 469 enim
520 411 606 468 nobis
620 429 699 467 nunc
714 428 836 485 magnus
850 409 944 469 hiatus

160 502 205 559 ille
220 501 312 559 leonis
327 502 444 559 obesset
458 510 487 559 et
502 501 621 558 horrens
636 501 777 558 Arcadius
792 501 861 558 sus?
1034 518 1063 573 ²5

160 591 288 666 denique
303 590 375 665 quid
391 591 495 648 Cretae
510 600 607 648 taurus
623 591 813 664 Lernaeaque
828 591 917 666 pestis

159 681 251 756 hydra
264 681 412 738 venenatis
428 691 527 755 posset
541 681 643 737 vallata
658 681 806 738 colubris?

159 772 266 846 quidve
282 772 437 846 tripectora
452 772 603 846 tergemini
618 771 660 828 vis
676 771 823 846 Geryonai

159 961 240 1009 tanto
255 969 344 1025 opere
359 950 509 1007 officerent
523 951 607 1008 nobis
622 948 789 1025 Stymphala
803 951 942 1020 colentes,

158 1052 188 1098 et
203 1041 356 1098 Diomedis
371 1042 439 1114 equi
454 1041 595 1114 spirantes
610 1042 725 1099 naribus
740 1042 837 1115 ignem
1030 1061 1063 1112 30

157 1131 277 1188 Thracis
293 1131 496 1205 Bistoniasque
510 1130 608 1205 plagas
623 1143 711 1205 atque
726 1132 837 1188 Ismara
850 1132 991 1205 propter?

158 1240 302 1295 aureaque
319 1220 519 1295 Hesperidum
534 1238 650 1278 servans
665 1221 803 1295 fulgentia
816 1220 901 1290 mala,

158 1330 250 1386 asper,
266 1312 372 1369 acerba
385 1321 478 1380 tuens,
495 1310 615 1367 immani
630 1328 752 1384 corpore
767 1328 885 1384 serpens

157 1402 266 1459 arboris
280 1401 430 1476 amplexus
445 1402 563 1475 stirpem
580 1399 651 1474 quid
667 1399 795 1474 denique
810 1401 926 1458 obesset

157 1503 276 1566 propter
290 1492 456 1574 Atlanteum
471 1491 537 1548 litus
552 1491 714 1564 pelageque
730 1507 836 1546 sonora
1030 1509 1062 1562 35

157 1598 216 1654 quo
231 1599 327 1654 neque
342 1591 441 1638 noster
455 1580 515 1638 adit
529 1581 683 1655 quisquam
697 1597 754 1636 nec
768 1580 905 1637 barbarus
919 1579 1029 1640 audet?

157 1681 254 1728 cetera
267 1670 305 1727 de
319 1689 426 1744 genere
441 1671 499 1727 hoc
514 1689 589 1744 quae
604 1679 671 1727 sunt
685 1679 820 1744 portenta
833 1681 994 1744 perempta,

157 1762 198 1818 sei
213 1779 273 1817 non
288 1762 365 1818 victa
378 1761 481 1831 forent,
497 1760 568 1834 quid
583 1759 703 1818 tandem
717 1760 781 1816 viva
796 1763 957 1818 nocerent?

155 1851 204 1920 nil,
220 1861 251 1907 ut
266 1851 387 1924 opinor:
410 1852 450 1908 ita
464 1849 502 1907 ad
517 1851 650 1908 satiatem
665 1859 740 1907 terra
754 1850 878 1906 serarum

155 1959 234 1998 nunc
249 1941 336 1997 etiarn
351 1941 435 1998 scatit
449 1951 478 1997 et
492 1940 606 2014 trepido
620 1950 728 1998 terrore
742 1939 853 2014 repleta
866 1949 910 1996 est
1029 1963 1063 2009 40

155 2049 208 2105 per
222 2049 343 2087 nemora
359 2049 394 2087 ac
409 2041 523 2087 montes
538 2049 659 2104 magnos
674 2030 817 2104 silvasque
833 2029 1010 2104 profunda53

156 2139 230 2194 quae
245 2123 311 2178 loca
324 2121 433 2177 vitandi
448 2121 618 2194 plerumque
633 2130 677 2177 est
691 2131 789 2178 nostra
802 2129 939 2194 potestas.

155 2212 252 2268 natisi
267 2220 446 2286 purgatumst
460 2221 571 2284 pectus,
587 2228 661 2284 quae
676 2211 786 2285 proelia
799 2210 883 2267 nobis

155 2313 242 2375 atque
257 2302 385 2376 pericula
399 2310 489 2357 tumst
503 2301 619 2374 ingratis
635 2300 859 2359 insinuandum!

155 2401 246 2464 quant
247 2410 280 2447 ae
296 2401 358 2447 tum
373 2389 510 2448 scindunt
525 2390 675 2446 hominem
690 2362 864 2464 cuppedmis
878 2408 960 2447 acres
1028 2409 1060 2463 45

156 2481 309 2561 sollicitum
324 2499 410 2538 curae
426 2480 585 2554 quantique
600 2479 756 2554 perindet
750 2482 875 2536 rmores!

156 2571 262 2644 quidve
278 2571 564 2644 superbiaspurcitia
578 2589 612 2626 ac
628 2571 809 2644 petulantia?
830 2580 952 2644 quantas
1007 2620 1010 2625 .

156 2661 284 2717 efficiunt
299 2660 417 2718 clades!
440 2660 510 2734 quid
526 2660 608 2717 luxus
623 2659 834 2734 desidiaeque?

156 2751 228 2807 haec
243 2751 327 2825 igitur
339 2751 390 2824 qui
406 2760 512 2807 cuncta
526 2751 672 2825 subegerit
686 2769 723 2807 ex
737 2750 895 2824 animoque

156 2840 296 2914 expulerit
311 2839 404 2911 dictis,
420 2858 480 2897 non
495 2840 589 2910 armis,
605 2858 704 2897 nonne
719 2838 838 2897 decebit
1029 2859 1062 2911 50

155 2929 233 2986 hunc
248 2929 398 2987 hominem
412 2946 534 2987 numero
553 2930 652 2987 divom
666 2930 810 3004 dignarier
825 2930 912 2986 esse?

155 3039 223 3077 curn
237 3020 313 3077 bene
328 3022 496 3095 praesertim
511 3020 601 3077 multa
615 3038 650 3077 ac
665 3020 802 3077 divinitus
816 3019 885 3094 ipsis

155 3110 358 3168 immortalibu’
372 3109 411 3167 de
427 3109 499 3167 divis
515 3109 583 3167 dare
599 3110 678 3167 dicta
691 3110 779 3167 suerit
882 3166 884 3169 ,

154 3209 241 3274 atque
256 3219 376 3258 omnem
390 3219 486 3257 rerum
501 3211 633 3258 naturam
648 3200 777 3274 pandere
792 3198 886 3257 dictis.

195 3291 285 3348 Cuius
300 3309 356 3366 ego
371 3291 514 3365 ingressus
528 3291 647 3365 vestigia
661 3290 732 3347 dum
746 3289 872 3346 rationes
1027 3309 1041 3361 ς
1045 3309 1059 3362 5

153 3398 313 3454 persequor
326 3399 361 3437 ac
376 3380 472 3437 doceo
487 3380 582 3451 dictis,
598 3398 658 3454 quo
673 3397 807 3455 quaeque
821 3389 919 3436 creata

154 3469 273 3527 foedere
288 3470 353 3541 sint,
368 3470 398 3527 in
413 3488 449 3527 eo
463 3488 551 3544 quam
566 3470 602 3528 sit
616 3469 718 3527 durare
732 3488 887 3529 necessum
