2498 3894
129 217 188 281 142
283 269 290 280 ,
429 247 430 250 κ
462 214 693 270 ruensrrus
977 213 1028 285 [v.

122 393 179 433 nec
192 374 288 433 verbis
301 392 406 433 vexare
420 383 450 432 et
463 373 501 432 ab
515 375 576 432 imo
589 384 718 432 evertere
733 391 859 444 summa,-

122 476 221 524 cetera
234 463 272 522 de
286 483 394 539 genere
409 465 467 522 hoc
481 465 629 540 adfingere
644 473 674 522 et
687 463 807 535 addere,
823 465 957 538 Memmi,

123 555 293 631 desiperest.
308 554 379 628 quid
395 555 475 613 enim
489 554 690 613 inmortalibus
704 564 796 629 atque·
806 554 898 613 beatis
981 561 1027 626 165

121 647 212 721 gratia
225 655 324 704 nostra
337 654 426 720 queat
439 645 565 719 largirier
579 645 778 716 emolumenti,

121 746 154 794 ut
168 745 266 794 nostra
279 736 437 810 quicquam
452 752 541 792 causa
554 753 654 810 gerere
668 733 898 809 adgrediamur?
990 780 994 784 -

121 827 229 901 quidve
244 826 313 884 novi
327 825 421 900 potuit
435 833 517 881 tanto
531 835 599 900 post
613 835 680 882 ante
694 825 809 900 quietos

122 915 239 974 inlicere
254 927 286 973 ut
300 924 441 991 cuperent
455 915 544 972 vitam
558 925 670 972 mutare
685 915 833 989 priorem?

121 1025 189 1064 nam
204 1006 331 1080 gaudere
346 1007 428 1064 novis
442 1005 528 1062 rebus
542 1004 650 1063 debere
664 1004 777 1062 videtur
980 1024 1027 1072 170

121 1097 169 1154 cui
182 1107 294 1154 veteres
309 1097 435 1168 obsunt;
457 1094 510 1154 sed
524 1096 573 1152 cui
587 1096 627 1153 nil
641 1094 748 1153 accidit
762 1094 840 1170 aegri

121 1195 253 1262 tempore
269 1189 299 1245 in
313 1196 456 1257 anteacto,
473 1204 541 1243 cum
556 1185 676 1260 pulchre
691 1185 811 1259 degeret
821 1203 935 1256 aevom,

121 1277 193 1351 quid
207 1278 302 1351 potuit
315 1277 449 1334 novitatis
464 1294 595 1334 amorem
609 1274 773 1332 accendere
787 1275 857 1331 tali?

119 1385 167 1436 an,
182 1367 281 1437 credo,
296 1367 327 1424 in
340 1367 467 1424 tenebris
482 1367 540 1424 vita
553 1384 588 1422 ac
603 1382 733 1451 maerore
748 1365 871 1438 iacebat,
927 1410 932 1416 .

120 1455 217 1514 donec
228 1457 330 1514 diluxit
343 1474 439 1514 rerum
454 1456 585 1531 genitalis
599 1451 691 1530 orlg'o.
978 1471 1024 1526 175

120 1546 226 1622 quidve
241 1548 309 1604 mali
323 1547 415 1603 suerat
428 1547 513 1604 nobis
527 1565 588 1604 non
604 1564 666 1603 esse
682 1545 807 1603 creatis?
865 1561 867 1565 ’

118 1647 203 1694 natus
218 1638 297 1694 enim
312 1635 401 1694 debet
415 1637 595 1710 quicumque
610 1646 654 1692 est
668 1635 741 1693 velle
755 1652 874 1692 manere

118 1726 149 1784 in
163 1727 228 1796 vita,
244 1726 340 1784 donec
354 1727 490 1784 retinebit
502 1725 611 1784 blanda
624 1726 765 1800 voluptas.

119 1816 168 1890 qui
182 1834 342 1890 numquam
356 1833 426 1874 vero
439 1817 515 1873 vitae
531 1816 654 1890 gustavit
668 1832 798 1872 amorem
873 1828 876 1832 ’

117 1923 174 1962 nec
189 1906 241 1963 fuit
255 1907 285 1962 in
299 1924 431 1976 numer0,
445 1905 518 1980 quid
532 1906 617 1963 obest
630 1923 690 1962 non
704 1922 767 1962 esse
783 1904 934 1960 creatum?
977 1910 1025 1960 180

118 1997 284 2070 exemplum
299 2014 385 2071 porro
400 1994 555 2070 gignundis
569 1996 654 2053 rebus
669 2006 699 2053 et
712 1996 775 2070 ipsa

118 2087 235 2143 notities
250 2085 322 2142 divis
336 2086 489 2142 hominum
504 2085 583 2142 unde
599 2095 643 2142 est
657 2085 742 2142 insita
755 2084 881 2159 primum
918 2148 933 2169 ς

118 2176 190 2251 quid
203 2176 310 2233 vellent
325 2176 419 2233 facere
434 2187 466 2233 ut
480 2176 586 2233 scirent
600 2177 757 2249 animoque
774 2174 922 2245 viderent,'·

119 2284 214 2340 quove
229 2265 347 2323 modost
361 2284 501 2340 umquam
515 2266 558 2323 vis
572 2267 690 2340 cognita
703 2265 911 2340 principiorum

118 2355 248 2429 quidque
263 2356 338 2412 inter
351 2374 414 2413 sese
429 2364 594 2429 permutato
609 2354 712 2412 ordine
727 2364 856 2429 possent,
977 2360 1022 2424 185

118 2447 142 2503 si
156 2464 216 2503 non
230 2446 293 2520 ipsa
308 2445 391 2503 dedit
404 2445 554 2520 specimen
569 2455 671 2502 natura
684 2445 823 2502 creandi?

117 2553 244 2610 namque
259 2536 299 2592 ita
312 2536 402 2591 multa
415 2535 511 2592 modis
525 2536 622 2592 multis
635 2535 793 2609 primordia
806 2552 902 2591 rerum

118 2643 155 2682 ex
169 2625 281 2682 infinito
296 2625 354 2682 iam
368 2635 500 2700 tempore
515 2627 626 2700 percita
639 2625 730 2700 plagis

117 2715 354 2790 ponderibusque
369 2716 429 2772 suis
444 2725 621 2773 consuerunt
635 2716 749 2772 concita
762 2714 827 2772 sern'

118 2804 354 2879 omnimodisque
370 2806 448 2862 coire
463 2815 550 2879 atque
565 2806 664 2862 omnia
677 2815 883 2879 pertemptare,
975 2825 1024 2878 190

118 2913 323 2970 quaecumque
338 2896 413 2952 inter
426 2914 457 2952 se
472 2904 593 2970 possent
607 2913 762 2969 congressa
776 2912 885 2968 creare,

117 2997 150 3041 ut
165 3003 224 3042 non
239 2986 275 3042 sit
289 2986 393 3042 mirum
408 2986 432 3042 si
447 2986 476 3042 in
491 2986 554 3043 talis
569 2985 758 3060 disposituras

119 3074 291 3132 deciderunt
304 3093 423 3149 quoque
439 3076 510 3132 etin
526 3076 589 3133 talis
602 3094 708 3133 venere
723 3085 845 3145 meatus,

118 3165 251 3239 qualibus
266 3166 339 3222 haec
353 3183 448 3222 rerum
463 3167 570 3239 geritur
583 3184 662 3223 nunc
676 3183 789 3224 summa
803 3162 950 3223 novando

159 3254 249 3328 Quod
265 3255 287 3312 si
302 3256 358 3312 iam
373 3273 468 3312 rerum
484 3257 615 3330 ignorem
630 3255 787 3330 primordia
802 3272 877 3329 quae
891 3256 957 3328 sint,
975 3273 1021 3328 ¹95

118 3343 175 3403 hoc
190 3354 288 3411 tamen
302 3364 339 3402 ex
352 3346 420 3421 ipsis
435 3347 508 3402 caeli
522 3347 680 3404 rationibus
694 3347 787 3403 ausim

117 3435 291 3494 confirmare
305 3436 424 3512 aliisque
439 3453 476 3494 ex
489 3436 576 3494 rebus
589 3435 712 3494 reddere
727 3436 832 3509 multis,
