2498 3894
127 206 187 270 108
436 215 668 271 LUCRETIUS
963 216 1028 286 [IV·

122 379 146 437 is
160 396 280 454 quoque
294 378 373 436 enim
389 376 500 452 duplici
514 377 691 453 geminoque
705 377 739 434 fit
752 377 820 435 aare
833 376 921 436 visus.

44 537 47 542 ¹
121 470 231 544 primus
245 469 325 526 enim
339 469 411 526 citra
424 477 524 544 postes
539 479 600 525 tum
615 469 742 525 cernitur
756 468 806 525 aer
982 485 1028 540 27⁵

122 558 191 618 inde
206 561 282 617 fores
296 561 376 634 ipsae
391 558 493 616 dextra
506 559 645 632 laevaque
660 568 808 629 secuntur,

121 659 189 725 post
203 650 325 706 extraria
339 649 388 706 lux
402 650 504 706 oculos
518 658 663 723 perterget
678 657 707 706 et
720 649 770 706 aer

121 741 193 798 alter
208 750 238 797 et
252 740 299 797 illa
312 740 380 797 soris
395 757 471 813 quae
485 757 553 796 vere
567 738 801 812 transpiciuntur.

121 831 163 888 sic
178 830 228 888 ubi
243 848 274 887 se
290 830 416 904 primum
431 829 541 903 speculi
557 829 681 903 proiecit
695 829 802 903 imag0,

121 921 193 979 dum
207 921 287 978 venit
302 919 340 977 ad
355 930 467 977 nostras
483 920 571 991 acies,
589 918 734 993 protrudit
748 920 866 994 agitque
982 929 1030 979 280

119 1017 187 1069 aera
201 1011 251 1086 qui
265 1011 340 1067 inter
354 1028 385 1068 se
400 1019 555 1084 cumquest
569 1010 731 1083 oculosque
745 1010 867 1084 locatus,
944 1045 946 1048 >

121 1111 150 1159 et
163 1102 232 1158 facit
245 1111 277 1158 ut
291 1101 369 1174 prius
384 1100 463 1157 hunc
477 1118 596 1157 omnem
611 1101 717 1157 sentire
732 1117 873 1174 queamus
910 1099 1028 1180 [ipsum

120 1210 209 1266 quarn
224 1192 385 1267 speculum.
401 1190 454 1248 sed
468 1191 518 1248 ubi
533 1191 685 1264 speculum
701 1209 821 1265 quoque
836 1193 978 1250 sensimus

120 1283 260 1340 continuo
275 1301 293 1339 a
306 1282 391 1339 nobis
406 1281 437 1338 in
451 1280 531 1338 idem
545 1299 621 1355 quae
636 1281 725 1338 fertur
739 1281 837 1354 imago

118 1374 250 1448 pervenit
264 1381 293 1429 et
307 1382 421 1429 nostros
436 1372 537 1429 oculos
551 1372 659 1428 reiecta
672 1370 776 1428 revisit⁴
981 1381 1027 1444 ²85

119 1472 206 1538 atque
221 1463 308 1520 alium
323 1480 392 1537 prae
408 1480 439 1519 se
454 1463 619 1536 propellens
634 1465 702 1520 aera
715 1461 803 1519 volvit

119 1563 149 1611 et
162 1553 230 1611 facit
244 1563 276 1610 ut
290 1554 369 1628 prius
384 1552 462 1608 hunc
478 1570 566 1626 quam
582 1569 613 1609 se
628 1551 788 1623 videamus
804 1570 900 1627 eoque

119 1643 225 1702 distare
239 1645 277 1702 ab
291 1643 412 1718 speculo
426 1652 539 1699 tantum
554 1651 668 1699 semota
680 1640 803 1699 videtur.

118 1752 207 1809 quare
222 1734 310 1791 etiam
324 1742 412 1807 atque
427 1733 515 1789 etiam
530 1732 650 1789 minime
665 1732 794 1788 mirarier
808 1743 851 1789 est
866 1751 927 1807 par,

118 1825 174 1882 illic
189 1843 263 1898 quor
275 1823 401 1880 reddant
415 1823 600 1897 speculorum
615 1839 652 1878 ex
666 1840 793 1896 aequore
808 1823 910 1894 visum,
980 1845 1028 1896 ²90
1118 1900 1121 1905 .

119 1914 232 1973 aeribus
245 1914 321 1971 binis
336 1913 475 1988 quoniam
489 1931 535 1968 res
550 1913 641 1969 confit
655 1921 787 1986 utraque.

118 2023 197 2061 nunc
212 2022 336 2078 eaquae
352 2004 436 2061 nobis
451 2003 649 2060 membrorum
664 2001 784 2059 dextera
798 2020 864 2076 pars
879 2012 932 2074 est,

118 2095 148 2151 in
162 2095 286 2169 speculis
300 2095 332 2151 fit
347 2103 378 2150 ut
391 2094 421 2150 in
435 2094 516 2150 laeva
529 2092 661 2150 videatur
675 2110 712 2150 eo
727 2093 809 2167 quod

118 2184 267 2259 planitiem
282 2183 320 2240 ad
335 2184 446 2258 speculi
460 2184 581 2241 veniens
597 2202 664 2240 curn
680 2183 801 2240 offendit
817 2184 924 2258 imagO,
1016 2219 1018 2222 -

117 2293 179 2331 non
194 2275 369 2332 convertitur
383 2274 545 2345 incolumis,
561 2274 614 2331 sed
628 2284 709 2332 recta
721 2283 876 2331 retrorsum
977 2294 1023 2348 ²95

118 2365 160 2421 sic
175 2363 297 2434 eliditur,
312 2374 345 2421 ut
359 2364 456 2437 siquis,
472 2365 550 2439 prius
565 2364 647 2422 arida
660 2383 749 2439 quam
763 2365 799 2422 sit

118 2465 215 2512 cretea
227 2472 361 2526 persona,
376 2454 486 2512 adlidat
500 2455 612 2530 pilaeve
627 2457 745 2527 trabive,

118 2555 205 2618 atque
220 2563 255 2601 ea
269 2545 408 2601 continuo
423 2555 533 2602 rectam
548 2546 571 2604 si
586 2546 680 2604 fronte
694 2546 815 2620 figuram

118 2645 212 2692 servet
226 2644 255 2692 et
269 2635 369 2691 elisam
383 2645 459 2693 retro
474 2655 538 2694 sese
553 2637 695 2710 exprimat
709 2638 780 2712 ipsa.
837 2638 839 2642 ’

117 2725 168 2782 fiet
182 2726 230 2795 ita,
245 2735 312 2782 ante
328 2725 429 2783 oculus
445 2727 529 2784 suerit
543 2727 594 2801 qui
609 2727 719 2799 dexter,
734 2738 767 2784 ut
780 2727 860 2785 idem
976 2747 1024 2798 300

117 2833 197 2871 nunc
212 2815 247 2872 sit
260 2816 367 2886 laevus,
379 2825 408 2872 et
422 2834 438 2873 e
452 2816 534 2874 laevo
549 2817 585 2874 sit
599 2827 699 2875 mutua
712 2818 822 2876 dexter.

117 2905 150 2962 fit
164 2922 282 2985 quoque
297 2904 334 2962 de
350 2906 469 2980 speculo
484 2907 514 2963 in
528 2908 678 2981 speculum
694 2918 725 2965 ut
739 2909 867 2965 tradatur
880 2907 987 2982 imago,

118 2997 247 3069 quinque
262 2998 349 3054 etiam
364 3014 450 3054 sexve
466 3006 497 3054 ut
511 2997 571 3054 fieri
586 2998 737 3055 simulacra
751 2999 866 3057 suerint.

117 3103 186 3142 nam
201 3104 404 3161 quaecumque
418 3097 495 3144 retro
509 3098 590 3161 parte
605 3089 739 3146 interiore
754 3089 892 3158 latebunt,

117 3174 187 3232 inde
202 3186 311 3245 tamen,
326 3178 457 3250 quamvis
472 3187 546 3235 torte
561 3179 736 3253 penitusque
750 3189 870 3250 remota,
973 3199 1021 3251 305

118 3266 218 3324 omnia
232 3284 285 3340 per
298 3265 389 3324 flexos
404 3267 499 3325 aditus
514 3267 621 3324 educta
634 3269 734 3327 licebit

117 3358 247 3433 pluribus
263 3357 335 3414 haec
350 3359 474 3431 speculis
488 3357 641 3415 videantur
654 3360 683 3416 in
698 3359 819 3418 aedibus
835 3377 907 3417 esse.

118 3469 210 3526 usque
225 3448 302 3507 adeo
317 3450 436 3523 speculo
450 3449 479 3506 in
495 3449 645 3523 speculum
660 3451 816 3508 translucet
830 3450 937 3525 imag0,
