2498 3894
168 255 227 302 112
496 250 728 306 nuenarius
1003 251 1072 322 [1v.

163 420 193 471 at
207 410 358 470 conlectus
370 427 465 486 aquae
479 409 602 486 digitum
617 426 679 468 non
692 409 775 468 altior
789 430 890 487 unum,

163 502 214 577 qui
228 501 340 576 lapides
354 502 429 560 inter
442 501 515 559 sistit
529 518 582 577 per
595 509 684 558 strata
696 501 816 572 viarum,
1024 521 1055 571 41
1058 522 1072 576 5

79 588 118 686 st
164 592 337 667 despectum
352 592 473 666 praebet
487 591 540 649 sub
554 601 644 649 terras
658 576 758 665 inpsste
773 602 863 666 tanto,

73 856 110 925 ⁸!-

163 700 181 739 a
195 683 276 739 terris
292 692 432 756 quantum
448 681 521 738 caeli
536 690 617 755 patet
630 682 704 738 altus
718 681 811 739 hiatus
824 701 834 754 ς

162 772 263 829 nubila
276 771 419 845 dispicere
434 780 464 829 et
478 771 592 827 caelum
605 780 638 828 ut
652 769 769 829 videare
782 770 883 830 videre

164 871 261 918 cetera
275 841 409 918 mirando
424 861 477 919 sub
493 870 581 918 terras
595 860 696 918 abdita
709 861 802 920 caelo.

164 951 292 1026 denique
306 952 356 1009 ubi
371 953 401 1008 in
415 950 514 1008 medio
529 951 613 1008 nobis
629 969 698 1009 ecus
713 969 781 1008 acer
794 951 927 1010 obhaesit
1025 972 1075 1017 420

163 1042 282 1099 flumine
297 1052 326 1099 et
340 1043 371 1098 iu
384 1041 501 1117 rapidas
515 1041 608 1098 amnis
622 1040 811 1116 despeximus
826 1042 929 1117 undas,

163 1133 263 1189 stantis
278 1133 346 1206 equi
360 1150 466 1207 corpus
481 1141 675 1189 transversum
689 1132 761 1189 serre
776 1132 892 1189 videtur

162 1223 205 1280 vis
220 1233 249 1280 et
262 1223 293 1280 in
306 1221 458 1280 adversum
474 1222 582 1279 flumen
597 1220 771 1279 contrudere
785 1223 900 1297 raptim,

163 1321 193 1369 et
207 1330 394 1387 quocumque
409 1312 510 1369 oeulos
525 1312 689 1369 traiecimus
704 1313 803 1369 omnia
816 1313 883 1370 ferri

164 1411 193 1460 et
207 1402 295 1459 fluere
309 1402 433 1460 adsimili
447 1402 532 1460 nobis
547 1403 658 1459 ratione
672 1401 816 1460 videntur.
1023 1421 1072 1475 4²5

163 1493 292 1567 porticus
306 1492 420 1567 aequali
435 1492 565 1566 quamvis
580 1501 624 1548 est
639 1490 770 1566 denique
785 1491 876 1550 ductu

163 1591 301 1656 stansque
315 1582 346 1639 in
360 1593 534 1656 perpetuum
549 1582 665 1656 paribus
680 1582 795 1640 suffulta
809 1583 962 1654 columnis

163 1671 251 1746 longa
264 1681 363 1728 tamen
377 1681 459 1746 parte
474 1672 510 1729 ab
526 1690 641 1728 summa
655 1690 724 1728 cum
739 1681 801 1730 tota
814 1671 936 1744 videtur,

163 1762 301 1836 paulatim
316 1762 402 1819 trahit
416 1763 528 1836 angusti
542 1746 654 1836 fastigia
668 1762 749 1833 coni,

163 1861 242 1909 tecta
256 1852 319 1909 solo
334 1852 456 1927 iungens
471 1862 558 1927 atque
573 1852 673 1909 omnia
687 1852 808 1909 dextera
822 1852 909 1912 laevis
1021 1874 1072 1925 430

164 1940 261 1999 donec
275 1942 305 1998 in
321 1943 477 1999 obscurum
493 1943 560 1999 coni
575 1941 718 2000 conduxit
732 1961 867 2002 acumen.

163 2032 193 2089 iu
207 2032 311 2106 pelago
325 2032 419 2089 nautis
434 2050 470 2089 ex
483 2032 569 2089 undis
584 2042 668 2099 ortus<
679 2033 707 2089 'n
721 2032 807 2090 undis

163 2122 207 2178 sol
220 2122 252 2179 fit
267 2122 308 2178 uti
322 2122 453 2179 videatur
467 2123 547 2180 obire
562 2132 591 2179 et
605 2052 734 2180 corgere
749 2123 868 2195 lumen3

164 2213 274 2287 quippe
289 2212 339 2269 ubi
352 2213 391 2268 nil
406 2211 485 2269 aliud
500 2213 554 2269 nisi
568 2231 674 2286 aquam
690 2213 863 2287 caelumque
879 2224 1015 2286 tuentur;

163 2320 201 2359 ne
216 2303 315 2359 leviter
329 2301 431 2359 credas
445 2303 609 2359 labefactari
624 2301 753 2376 undique
768 2322 877 2362 sensus.
1021 2324 1069 2378 435

163 2401 193 2449 at
208 2393 293 2450 maris
307 2393 411 2466 ignaris
426 2393 455 2448 in
469 2403 555 2466 portu
570 2365 675 2449 clauda
688 2393 823 2451 videntur

162 2483 276 2557 navigia
290 2482 421 2557 aplustris
436 2483 531 2539 fractis
545 2458 670 2540 obnitier
684 2482 789 2542 undae.

163 2590 232 2629 nam
247 2590 450 2646 quaecumque
466 2591 552 2647 supra
566 2591 661 2631 rorem
675 2574 740 2630 salis
755 2573 833 2631 edita
846 2592 912 2649 pars
928 2586 971 2633 est

164 2681 320 2734 remorum,
335 2671 415 2719 recta
429 2672 481 2731 est,
497 2672 526 2720 et
540 2673 620 2720 recta
633 2681 759 2738 superne
773 2665 920 2738 guberna:

164 2771 239 2826 quae
255 2751 389 2810 demersa
403 2753 545 2827 liquorem
561 2754 680 2824 obeunt,
695 2754 816 2811 refracta
828 2755 963 2813 videntur
1018 2778 1070 2826 440

164 2844 264 2900 omnia
278 2843 407 2900 converti
422 2862 593 2917 sursumque
609 2844 712 2917 supina
725 2845 828 2902 reverti

165 2941 194 2989 et
207 2933 313 2990 reflexa
326 2951 418 3008 prope
434 2934 464 2990 in
478 2951 593 2991 summo
608 2933 718 2990 fluitare
732 2934 853 3009 liquore.

164 3041 284 3098 raraque
298 3041 351 3098 per
364 3024 478 3080 caelum
493 3042 562 3079 cum
575 3023 653 3080 venti
667 3024 766 3080 nubila
779 3034 896 3099 portant

165 3122 295 3187 tempore
310 3123 464 3183 nocturno,
479 3121 541 3169 tum
556 3112 710 3187 splendida
724 3115 805 3188 signa
818 3114 954 3172 videntur

164 3201 252 3259 labier
266 3200 420 3260 adversum
434 3202 549 3261 nimbos
563 3213 650 3277 atque
665 3203 704 3259 ire
720 3222 844 3279 superne
1017 3222 1066 3278 445

164 3290 250 3366 longe
265 3292 351 3350 aliam
365 3293 395 3350 in
409 3304 523 3368 partem
537 3311 571 3350 ac
584 3311 653 3350 vera
666 3294 776 3351 ratione
792 3296 930 3352 feruntur.

164 3390 194 3440 at
208 3383 232 3440 si
246 3382 317 3440 forte
332 3383 419 3441 oculo
433 3401 537 3441 manus
550 3383 601 3440 uni
614 3383 730 3441 subdita
743 3395 841 3459 supter

163 3474 267 3550 pressit
280 3491 358 3546 eum,
372 3472 503 3548 quodam
517 3491 603 3532 sensu
617 3473 649 3531 fit
662 3474 704 3532 uti
717 3474 869 3533 videantur

401 3722 411 3755 1
