2498 3894
154 193 196 259 74
484 193 714 248 Lucuutrus
980 192 1053 264 [111.

153 363 183 412 at
197 363 299 413 contra
312 353 443 430 lapidum
458 354 625 414 conlectum
639 354 702 430 ipse
717 356 796 412 euru’
811 372 929 412 movere

152 464 251 503 noenu
265 455 370 520 potest.
392 445 477 520 igitur
490 446 658 520 parvissima
672 422 795 518 corpltra
808 463 951 520 proquam
995 460 1025 499 .-)
1044 460 1067 478 ··
1109 456 1132 487 ⁴·

153 546 183 593 et
197 535 339 593 levissima
354 545 428 606 sunt,
443 536 483 592 ita
497 535 655 592 mobilitate
670 535 801 592 fmuntur
811 556 820 607 3
962 526 981 585 l
1008 557 1055 592 200

153 635 182 682 at
196 634 298 682 contra
312 643 515 699 quaecumque
529 626 621 699 magis
636 643 703 682 cum
717 625 849 700 pondere
864 643 970 700 magno

153 735 313 793 asperaque
328 719 521 788 inveniuntur,
537 735 573 775 eo
589 717 712 775 stabilita
725 718 817 792 magis
831 727 906 775 suut.

152 827 232 866 nunc
247 807 332 882 igitur
346 809 485 882 quoniam
500 817 544 866 est
558 808 647 864 animi
661 816 763 864 natura
776 816 891 881 reperta

151 898 266 956 mobilis
281 899 405 973 egregie,
422 916 562 973 perquam
579 907 711 955 constare
727 907 875 955 necessest

151 990 321 1064 corporibus
336 990 429 1064 parvis
443 999 473 1046 et
486 989 596 1047 levibus
610 998 697 1064 atque
710 987 851 1046 rutundis.
1007 1005 1052 1058 205

152 1097 227 1153 quae
242 1080 293 1138 tibi
307 1079 425 1154 cognita
438 1096 483 1136 res
497 1079 529 1136 in
543 1079 648 1151 multiS,
663 1097 682 1136 o
696 1078 784 1150 bone,
798 1078 886 1137 rebus

150 1171 227 1228 utilis
241 1170 405 1228 invenietur
419 1178 448 1227 et
462 1178 629 1245 opportuna
642 1169 758 1228 cluebit.
856 1230 859 1235 ,

151 1259 224 1318 haec
238 1279 358 1336 quoque
372 1278 418 1318 res
432 1260 520 1318 etiam
534 1269 666 1317 naturam
681 1258 799 1316 dedicat
812 1258 884 1331 eius,

151 1369 240 1425 quam
253 1351 334 1408 tenui
349 1360 464 1409 constet
479 1359 591 1408 textura
605 1367 752 1423 quamque
766 1348 833 1406 loco
848 1367 880 1408 se

150 1441 299 1499 contineat
312 1458 412 1516 parvo,
427 1441 451 1499 si
464 1441 557 1516 possit
571 1439 789 1529 conglomerpri,
1006 1461 1053 1495 210
1071 1488 1097 1515 ‚,
1151 1490 1154 1495 .

151 1530 232 1605 quod
247 1531 332 1589 simul
346 1541 433 1606 atque
449 1531 598 1589 hominem
613 1529 662 1588 leti
677 1547 779 1587 secura
792 1529 875 1603 quies
889 1537 933 1586 est
1011 1541 1017 1567 ¹
1048 1560 1051 1569 =
1098 1530 1152 1563 ·*''

150 1621 272 1695 indepta
285 1630 372 1697 atque
386 1622 476 1680 animi
490 1631 592 1679 natura
606 1621 780 1695 animaeque
794 1619 921 1691 recessit,

149 1711 189 1768 nil
204 1712 243 1769 ibi
257 1711 377 1769 libatum
391 1711 429 1769 de
444 1720 506 1769 toto
521 1729 643 1785 corpore
658 1728 760 1768 cernas

148 1800 188 1858 ad
202 1801 341 1876 speciem,
356 1801 395 1859 nil
409 1800 448 1858 ad
461 1801 597 1876 pondus:
621 1819 698 1858 mors
714 1799 814 1857 omnia
827 1808 953 1872 praestat

148 1891 265 1948 vitalem
279 1902 393 1966 praeter
406 1874 524 1949 sensiim
538 1891 723 1966 calidumque
740 1880 886 1964 vaporem.
1004 1907 1049 1960 215
1073 1905 1105 1941 ι.
1132 1868 1157 1943 st

149 2000 218 2056 ergo
233 1972 360 2039 animam
374 1991 465 2040 totam
479 1983 625 2057 perparvis
639 2001 702 2040 esse
717 1991 866 2040 necessest
894 2034 951 2066 -.‹-
1024 2051 1028 2056 ¹

148 2073 315 2144 seminibus,
330 2091 437 2130 nexam
451 2091 504 2148 per
517 2092 605 2130 venas
619 2073 729 2130 viscera
742 2091 845 2130 nervos
856 2093 864 2144 ;
979 2060 981 2067 ¹
1067 2064 1071 2071 ¹
1122 2038 1132 2067 Α

148 2173 300 2236 quatenus,
316 2163 410 2220 omnis
424 2163 475 2221 ubi
489 2181 505 2220 e
521 2173 583 2220 toto
598 2164 656 2220 iam
670 2180 793 2237 corpore
808 2163 904 2233 cessit,
947 2200 950 2206 ,
973 2184 983 2203 ³

148 2253 257 2310 extima
270 2254 466 2311 membrorum
481 2253 712 2310 circumcaesura
727 2241 824 2310 tamen
840 2271 871 2310 se
969 2262 1012 2317 ζει
1023 2238 1059 2293 ‹‘·*
1129 2282 1139 2301 -·
1148 2284 1161 2301 ι

148 2344 325 2401 incolumem
339 2353 465 2419 praestat
478 2362 535 2401 nec
550 2342 621 2400 defit
635 2343 773 2417 ponderis
788 2344 886 2401 hilum.
990 2360 1054 2399 -220
1156 2344 1164 2391 l

148 2433 229 2507 quod
244 2452 335 2508 genus
350 2444 394 2491 est
408 2434 518 2492 Bacchi
532 2453 600 2491 cum
614 2434 667 2492 flos
682 2435 798 2492 evanuit
812 2442 861 2491 aut
875 2451 944 2490 cum
1038 2498 1045 2517 θ
1137 2450 1160 2517 Ιχ.

148 2524 263 2598 spiritus
277 2525 417 2599 unguenti
431 2525 525 2582 suavis
537 2523 652 2600 diffugit
665 2525 694 2582 in
709 2544 792 2583 auras
1027 2516 1030 2521 ¹
1114 2525 1120 2541 ³

149 2624 198 2670 aut
211 2615 308 2688 aliquo
323 2633 390 2671 cum
406 2615 463 2672 iam
478 2598 564 2673 suc'us
579 2614 617 2672 de
632 2633 755 2689 corpore
771 2615 876 2686 cessit3
923 2624 933 2685 ,·“
956 2688 959 2695 Ι

148 2704 293 2784 nil-oculis
308 2714 406 2761 tamen
420 2723 485 2762 esse
500 2706 595 2762 minor
607 2724 653 2763 res
667 2706 730 2780 ipsa
743 2705 858 2763 videtur
917 2702 921 2707 ’

122 2834 138 2865 ,.
148 2804 414 2868 proptereaneque
429 2794 591 2853 detractum
606 2795 644 2854 de
658 2796 790 2871 pondere
805 2795 972 2870 quicquam,
1004 2812 1049 2865 225

147 2883 284 2940 nimirum
298 2885 366 2959 quia
380 2884 470 2942 multa
484 2886 654 2960 minutaque
668 2887 779 2944 semina
793 2904 879 2944 sucos

149 2972 278 3031 efficiunt
292 2984 321 3030 et
335 2973 458 3032 odorem
472 2975 502 3033 in
517 2985 579 3034 toto
594 2995 717 3051 corpore
732 2995 835 3034 rerum.

149 3080 237 3136 quare
252 3063 339 3120 etiam
354 3074 440 3138 atque
456 3066 542 3123 etiam
557 3067 663 3124 mentis
676 3077 809 3125 naturam
824 3067 997 3140 animaeque

148 3154 220 3211 scire
235 3155 303 3213 licet
317 3174 458 3231 perquam
472 3159 604 3232 pauxillis
619 3177 683 3217 esse
699 3169 827 3216 creatam

147 3245 315 3317 seminibus,
327 3248 465 3320 quoniam
480 3249 591 3323 fugiens
607 3250 647 3306 nil
661 3249 800 3324 ponderis
815 3249 916 3306 aufert.
1003 3267 1051 3318 230

56 3352 65 3415 g
152 3394 155 3401 ,
189 3336 254 3396 Nec
269 3346 367 3397 tamen
382 3338 454 3394 haec
469 3339 591 3413 simplex
604 3341 689 3398 nobis
704 3350 807 3398 natura
820 3336 952 3415 putanda
966 3348 1019 3397 est.

67 3408 75 3423 ⁴
148 3427 240 3486 tenvis
255 3428 334 3487 enim
348 3428 493 3505 quaedam
508 3429 698 3489 moribundos
713 3429 820 3489 deserit
834 3416 903 3488 aura
953 3413 1164 3576 Mwffl

890 3794 898 3803 ν
