2498 3894
123 182 188 253 vt]
365 181 420 234 ms
446 180 592 236 usuum
620 181 791 237 NATURA
968 187 1025 250 ¹93

122 352 153 401 et
167 342 249 418 quasi
264 341 418 401 densendo
433 343 559 401 subtexit
573 343 688 401 caerula
702 343 818 403 nimbis.

122 433 155 491 lit
169 451 288 508 quoque
303 444 335 490 ut
350 433 406 490 huc
419 434 537 490 veniant
552 434 581 490 in
595 434 709 491 caelum
724 436 903 493 extrinsecus
917 434 965 493 illa

122 542 246 598 corpora
259 541 334 597 quae
350 524 458 580 faciunt
473 524 556 582 nubis
571 525 746 598 nimbosque
762 526 907 597 volantis3

122 614 361 672 innumerabilem
372 615 450 671 enim
457 632 610 671 numerum
619 632 822 689 summamque
834 616 970 690 profundi
977 624 1010 684 48
1011 635 1025 688 5

122 723 186 763 esse
201 705 341 762 infinitam
357 704 455 775 docui,
470 713 637 779 quantaque
652 705 783 762 volarent

56 828 58 830 ·
122 813 246 869 corpora
261 795 420 853 mobilitate
435 794 551 852 ostendi
567 813 714 869 quamque
729 804 851 870 repente

122 885 340 943 inmemorabile
355 903 408 959 per
421 885 546 958 spatium
561 886 681 942 transire
696 886 831 943 solerent.

122 975 192 1033 haut
205 976 290 1050 igitur
303 976 434 1032 mirumst
448 976 472 1032 si
486 992 576 1050 parvo
590 984 723 1051 tempore
738 994 825 1051 saepe

121 1066 264 1124 montibu'
279 1076 339 1123 tam
354 1065 466 1140 magnis
480 1074 637 1139 tempestas
651 1076 739 1140 atque
753 1066 892 1124 tenebrae
976 1085 1027 1137 490

122 1156 275 1232 coperiunt
289 1156 379 1212 maria
393 1175 427 1212 ac
441 1165 529 1213 terras
544 1156 668 1230 inpensa
682 1173 816 1230 superne,

121 1247 251 1321 undique
266 1245 507 1320 quandoquidem
522 1263 575 1320 per
588 1247 685 1303 caulas
701 1246 824 1304 aetheris
839 1244 934 1304 omnis

122 1346 153 1394 et
166 1337 248 1411 quasi
263 1336 426 1410 permagni
441 1337 550 1393 circum
565 1336 707 1411 spiracula
721 1336 824 1393 mundi

121 1428 215 1485 exitus
230 1427 420 1501 introitusque
435 1427 585 1484 elementis
600 1425 730 1494 redditus
744 1435 832 1483 extat.

163 1519 251 1575 Nunc
265 1536 328 1592 age,
343 1535 403 1590 quo
418 1526 506 1591 pacto
522 1518 633 1592 pluvius
648 1525 818 1573 concrescat
832 1516 862 1572 in
877 1514 941 1573 altis
976 1533 1023 1586 495

121 1609 247 1666 nubibus
261 1627 346 1665 umor
360 1618 389 1664 et
404 1608 434 1664 in
447 1618 536 1666 terras
551 1607 693 1664 demissus
707 1617 739 1663 ut
753 1607 847 1664 imber

121 1697 249 1767 decidat,
264 1697 431 1772 expediam.
446 1698 556 1772 primus
571 1697 628 1754 iam
643 1697 755 1754 semina
768 1696 854 1772 aquai

121 1789 212 1846 multa
226 1788 310 1846 simul
323 1789 438 1845 vincam
453 1805 629 1862 consurgere
643 1788 768 1844 nubibus
782 1787 852 1861 ipsis

121 1878 257 1936 omnibus
271 1896 309 1935 ex
322 1879 409 1937 rebus
422 1879 588 1952 pariterque
602 1878 641 1934 ita
655 1895 785 1935 crescere
800 1887 965 1951 utrumque,

121 1978 151 2026 et
164 1969 249 2026 nubis
264 1978 293 2025 et
307 1987 414 2042 aquam
428 1985 632 2041 quaecumque
646 1967 677 2024 in
691 1967 815 2025 nubibus
830 1976 917 2039 extat,
975 1984 1024 2036 500

120 2068 153 2116 ut
166 2060 272 2132 pariter
286 2060 370 2118 nobis
384 2076 491 2132 corpus
505 2076 572 2114 cum
587 2058 727 2131 sanguine
741 2057 854 2129 crescit,

121 2149 212 2207 sudor
224 2150 294 2206 item
304 2160 391 2222 atque
400 2167 486 2206 umor
493 2149 671 2222 quicumque
682 2159 725 2205 est
736 2147 864 2221 denique
875 2147 1021 2205 membris.

120 2240 293 2314 concipiunt
307 2239 394 2296 etiam
409 2239 533 2296 multum
547 2256 666 2312 quoque
680 2255 768 2312 saepe
783 2239 926 2294 marinum

120 2348 263 2400 umorem,
278 2329 365 2386 veluti
379 2329 539 2404 pendentia
551 2328 656 2385 vellera
669 2327 761 2400 lanae,

121 2439 189 2478 cum
204 2437 308 2493 supera
321 2438 460 2493 magnum
475 2437 553 2476 mare
567 2418 645 2475 venti
658 2419 759 2477 nubila
772 2427 896 2493 portant.
972 2436 1019 2489 505

121 2511 264 2568 consimili
278 2510 389 2567 ratione
404 2528 440 2567 ex
455 2509 590 2566 omnibus
604 2508 737 2567 amnibus
752 2527 836 2566 umor

121 2601 228 2659 tollitur
241 2601 270 2658 in
284 2601 379 2658 nubis
395 2618 455 2673 quo
470 2618 538 2656 cum
552 2599 629 2656 bene
643 2600 755 2656 semina
769 2617 907 2672 aquarum

120 2692 211 2747 multa
225 2690 320 2748 modis
335 2691 430 2747 multis
445 2707 609 2747 convenere
623 2688 754 2762 undique
768 2688 899 2757 adaucta,

120 2782 268 2839 confertae
282 2782 375 2838 nubes
389 2798 521 2837 umorem
535 2779 648 2836 mittere
663 2786 774 2835 certant

120 2870 274 2946 dupliciter
285 2891 293 2943 ;
313 2890 382 2927 nam
395 2871 438 2927 vis
451 2870 530 2926 venti
544 2867 692 2926 contrudit
705 2879 735 2926 et
748 2869 812 2943 ipsa
970 2885 1019 2937 5¹0

120 2962 207 3036 copia
219 2962 385 3019 nimborum
399 2962 483 3018 turba
495 2960 605 3017 maiore
619 2969 724 3016 coacta

119 3061 210 3127 urget,
225 3051 263 3109 de
278 3070 383 3126 supero
397 3050 503 3126 premit
517 3069 551 3107 ac
565 3049 634 3107 facit
649 3049 765 3106 effluere
780 3048 887 3106 imbris

119 3151 270 3218 praeterea
284 3161 352 3198 cum
365 3149 513 3199 rarescunt
527 3157 646 3215 quoque
661 3139 760 3198 nubila
772 3139 865 3196 ventis

119 3243 168 3291 aut
182 3232 383 3302 dissolvuntur,
398 3231 465 3289 solis
479 3248 567 3304 super
577 3229 637 3286 icta
651 3229 755 3299 calore,

118 3323 236 3380 mittunt
249 3339 381 3379 umorem
395 3321 525 3395 pluvium
539 3319 711 3393 stillantque‚
726 3318 808 3393 quasi
821 3317 882 3393 igni
968 3333 1018 3390 515

118 3430 186 3470 cera
199 3430 286 3486 super
299 3411 394 3469 calido
408 3411 560 3469 tabescens
573 3409 664 3467 multa
676 3408 826 3484 liquescat.

552 3512 581 3564 ¹3
