2498 3894
115 217 157 293 48
434 225 664 279 Locaarrus
967 224 1012 293 [u

116 405 217 463 aspera
232 404 322 462 quom
336 387 427 461 magis
441 386 472 443 in
486 386 566 443 terris
581 386 749 444 haerescere
763 387 885 462 possint.

157 478 247 551 Quod
262 478 400 552 quoniam
414 475 512 547 docui,
527 495 645 551 pergam
661 488 816 535 conectere
829 496 892 536 rem
908 497 983 554 quae

116 586 154 626 ex
167 568 225 626 hoc
239 578 307 643 apta
321 567 410 624 fidem
425 567 522 639 ducat,
537 566 695 641 primordia
708 586 805 625 rerum

116 659 197 716 finita
210 659 317 715 variare
332 657 485 732 figurarum
500 657 621 714 ratione.
943 649 945 653 ¹
969 667 1019 728 480

117 748 199 823 quod
213 748 237 805 si
250 767 311 805 non
325 748 364 804 ita
378 748 422 816 sit,
433 766 545 805 rursum
561 747 618 803 iam
632 747 744 804 semina
759 747 905 822 quaedam

118 855 181 896 esse
196 838 308 895 infinito
324 837 475 895 debebunt
489 837 618 910 corporis
633 847 729 895 auctu.

117 946 245 1002 namque
262 928 291 984 in
305 927 420 997 eodem,
436 945 494 984 una
508 928 632 984 cuiusvis
647 927 677 983 in
691 928 831 985 brevitate

118 1019 248 1093 corporis
262 1019 336 1074 inter
349 1035 380 1075 se
395 1017 517 1074 multum
531 1017 640 1073 variare
655 1017 762 1091 figurae

118 1129 180 1168 non
193 1120 333 1185 possunt:
356 1109 401 1166 fac
416 1109 495 1166 enim
509 1109 634 1166 minimis
649 1127 665 1166 e
680 1110 808 1184 partibus
824 1128 887 1168 esse
970 1119 1018 1180 485

119 1218 243 1275 corpora
256 1200 349 1274 prima
363 1199 461 1269 tribua,
475 1199 521 1255 vel
535 1199 622 1272 paulo
636 1199 765 1274 pluribus
779 1218 852 1275 auge
863 1221 872 1275 3

119 1309 227 1365 nempe
242 1291 292 1347 ubi
306 1307 355 1347 eas
369 1289 456 1363 partis
471 1289 555 1346 unius
570 1289 699 1363 corporis
714 1291 818 1362 omnis,

119 1399 234 1438 summa
248 1389 334 1454 atque
349 1380 407 1436 ima
420 1379 529 1451 locans,
544 1388 736 1437 transmutans
751 1379 871 1438 dextera
884 1381 980 1452 laevis,

119 1469 298 1528 omnimodis
313 1480 448 1543 expertus
462 1469 527 1541 eris,
542 1488 630 1543 quam
645 1470 768 1544 quisque
783 1470 834 1530 det
848 1472 922 1530 ordo

121 1560 224 1618 formai
239 1561 368 1634 speciem
381 1560 468 1616 totius
483 1560 613 1633 corporis
627 1560 698 1631 eius,
973 1582 1023 1632 490

121 1649 203 1725 quod
218 1659 357 1724 superest,
372 1650 396 1706 si
411 1649 484 1707 forte
499 1650 578 1707 voles
591 1651 700 1708 variare
714 1651 828 1726 figuras,

120 1740 292 1798 addendum
307 1740 394 1813 partis
408 1740 476 1797 alias
491 1740 553 1811 erit,
569 1739 637 1797 inde
653 1752 798 1814 sequetur,

120 1831 246 1888 adsimili
259 1831 371 1887 ratione
385 1830 453 1887 alias
468 1839 500 1887 ut
513 1830 640 1904 postulet
655 1830 739 1904 ordo,

121 1921 146 1978 si
160 1930 190 1977 tu
205 1920 277 1977 forte
291 1919 370 1977 voles
385 1920 471 1976 etiam
485 1920 593 1977 variare
606 1920 720 1995 figuras

122 2029 191 2085 ergo
206 2010 361 2068 formarum
376 2010 533 2066 novitatem
548 2011 678 2083 corporis
692 2029 817 2086 augmen

122 2100 313 2174 subsequitur.
335 2117 424 2174 quare
439 2117 499 2156 non
513 2109 557 2156 est
571 2109 602 2156 ut
617 2099 734 2159 credere
749 2102 842 2177 possis

122 2208 186 2248 esse
200 2190 317 2246 infinitis
332 2188 467 2246 distantia
481 2190 592 2246 semina
605 2189 713 2261 formis,

121 2300 159 2340 ne
174 2282 319 2358 quaedam
333 2300 421 2356 cogas
437 2282 545 2340 inmani
560 2283 737 2341 maximitate

123 2390 195 2443 esse,
210 2391 297 2446 supra
311 2372 392 2447 quod
406 2373 463 2429 iam
479 2372 567 2430 docui
581 2391 642 2431 non
657 2392 744 2448 posse
758 2375 882 2448 probari.

121 2463 179 2519 iam
195 2463 246 2520 tibi
260 2463 426 2520 barbaricae
440 2473 534 2520 vestes
550 2464 755 2538 Meliboeaque
770 2465 881 2540 fulgens

122 2570 249 2627 purpura
262 2553 430 2610 Thessalico
445 2553 624 2612 concharum
638 2565 716 2612 tacta
730 2555 837 2628 colore,

122 2750 210 2789 aurea
224 2748 371 2805 pavonum
385 2730 491 2790 ridenti
506 2734 619 2792 imbuta
632 2736 730 2810 lepore

123 2821 225 2891 saecla,
240 2838 318 2878 novo
333 2840 428 2878 rerum
443 2835 578 2898 superata
592 2825 688 2882 colore
704 2825 831 2881 iacerent

123 2921 153 2968 et
168 2921 354 2984 contemptus
369 2911 444 2970 odor
457 2932 591 2989 smyrnae
606 2914 755 2986 mellisque
771 2933 889 2988 sapores

123 3011 153 3058 et
167 3019 278 3076 cycnea
292 3002 367 3058 mele
383 3003 579 3077 Phoebeaque
595 3003 717 3060 daedala
731 3004 846 3063 chordis

123 3091 252 3148 carmina
266 3091 410 3148 consimili
425 3093 535 3150 ratione
551 3111 689 3168 oppressa
703 3095 837 3167 silerent3

123 3199 250 3254 namque
265 3182 326 3240 aliis
341 3181 419 3239 aliud
434 3185 625 3256 praestantius
640 3195 813 3243 exoreretur.

123 3271 230 3329 cedere
245 3272 315 3329 item
330 3281 406 3329 retro
421 3282 542 3347 possent
555 3274 584 3330 in
599 3273 757 3334 deteriores

122 3362 223 3420 omnia
236 3363 276 3421 sic
291 3363 388 3437 partis
402 3373 434 3420 ut
449 3362 574 3421 diximus
588 3364 618 3421 in
631 3366 775 3439 melioris;

122 3471 250 3528 namque
265 3453 326 3511 aliis
340 3452 419 3511 aliud
433 3464 509 3512 retro
524 3472 642 3529 quoque
656 3457 773 3515 taetrius
788 3467 864 3516 esset
