2498 3894
1004 283 1041 331 21

139 448 169 496 et
182 439 337 497 labefactat
350 456 410 511 eos,
425 439 505 498 unde
520 440 620 497 omnia
633 440 745 498 credita
758 440 899 516 pendent,

138 529 218 587 unde
233 528 282 587 hic
297 530 431 605 cognitus
444 541 489 588 est
503 530 558 605 ipsi
572 548 661 604 quem
674 531 808 589 nominat
822 533 938 607 ignem3
996 539 1044 606 695

138 619 325 679 creditenim
341 617 443 678 sensus
458 621 557 696 ignem
570 639 750 696 cognoscere
764 641 840 693 vere,

111 720 311 776 Aceteranon
326 710 428 781 credit,
444 729 518 785 quae
534 711 594 769 nilo
609 711 687 769 clara
699 712 795 769 minus
809 720 884 771 sunt.
967 691 1014 778 „i
1030 728 1039 765 J
1055 732 1076 757 ··

138 800 221 876 quod
235 801 307 858 mihi
321 819 389 858 cum
403 820 512 859 vanum
525 811 587 859 tum
602 800 726 860 delirum
739 820 804 860 esse
818 802 951 876 videtur;

139 909 200 966 quo
214 891 373 949 referemus
387 892 487 949 enirn?
528 891 580 949 d
593 892 679 951 nobis
694 893 799 951 certius
814 892 882 967 ipsis

138 982 271 1040 sensibus
287 1000 350 1039 esse
364 991 471 1057 potest,
451 910 619 1057 tq‘ffvem
632 1001 667 1040 ac
681 983 752 1040 salsa
765 984 922 1041 notemus?
999 1003 1047 1048 700

138 1081 292 1148 praeterea
305 1090 395 1145 quare
410 1073 565 1146 quisquam
579 1073 671 1148 magis
685 1053 786 1130 orffiria
799 1073 881 1130 tollat
957 1049 1120 1126 Δί(

140 1172 171 1220 et
183 1162 253 1220 velit
267 1161 379 1220 ardoris
392 1171 525 1220 naturam
539 1163 670 1266 linquere
685 1163 787 1234 solam,

140 1271 230 1326 quam
243 1262 333 1327 neget
345 1271 410 1310 esse
424 1253 507 1337 ignis
485 1227 644 1327 squidvrs
650 1262 749 1310 tamen
763 1271 828 1310 esse
842 1252 984 1327 relinquat
973 1253 1005 1310 t?

139 1361 237 1418 aequa
249 1342 365 1400 videtur
379 1343 458 1400 enim
472 1342 622 1402 dementia
635 1343 735 1401 dicere
749 1353 913 1417 utrumque.

180 1433 368 1508 Quapropter
381 1434 432 1507 qui
445 1433 596 1491 materiem
610 1452 706 1491 rerum
721 1451 783 1491 esse
798 1442 935 1508 putarunt
1001 1452 1046 1504 705

139 1523 240 1626 ignem
254 1532 283 1580 at
284 1542 342 1625 que
357 1543 394 1580 ex
408 1524 467 1599 igni
482 1543 627 1581 summam
641 1524 801 1582 consistere
815 1541 912 1598 posse,
1231 1599 1234 1606 ι

141 1623 172 1672 et
186 1614 237 1688 qui
251 1614 427 1689 principium
442 1613 637 1717 gignundis
612 1615 661 1672 aer
661 1588 778 1672 {rebus
977 1620 1203 1677 mmm
1235 1666 1244 1683 s

141 1705 328 1778 constituere,
344 1713 394 1762 aut
408 1723 541 1762 umorem
556 1705 734 1852 quicumque
749 1713 887 1779 putarunt
918 1687 1073 1764 ΜΨ*
1162 1698 1164 1703 ’

141 1795 251 1870 fingere
265 1813 312 1852 res
325 1795 423 1870 ipsum
437 1813 544 1869 perse,
559 1774 700 1852 terramve
714 1813 812 1852 creare
992 1679 1127 1870 JMM
1133 1795 1189 1855 dd
1182 1786 1234 1888 127⁰

141 1885 241 1943 omnia
255 1894 285 1943 et
298 1885 329 1942 in
341 1903 438 1942 rerum
452 1894 568 1942 naturas
581 1886 687 1943 vertier
699 1903 804 1955 omnm,
1001 1903 1029 1948 71
1169 1908 1209 2010 A

141 1994 250 2050 magno
264 1993 354 2050 opere
368 1995 387 2032 a
398 1994 469 2032 vero
483 1975 570 2050 longe
585 1975 715 2032 derrasse
728 1974 871 2032 videntur.
1032 1904 1168 2106 Qud<

141 2064 220 2123 adde
234 2065 323 2123 etiam
337 2084 389 2139 qur
380 2063 613 2168 'conduplicant
627 2064 785 2140 primordia
797 2083 894 2122 rerum
977 2091 1039 2184 λ

141 2155 209 2214 ae‘ra
222 2131 376 2230 iungentes
391 2156 451 2230 ignr
443 2133 630 2231 terramq¹fie
645 2155 757 2229 liquori,
911 2109 997 2197 ὦ*
1015 2131 1080 2179 ‘dm
1089 2060 1176 2278 ΙΨ
1188 2157 1191 2167 ’
1205 2155 1208 2167 ”

142 2254 172 2303 et
185 2265 236 2349 qui
228 2224 386 2321 quattt'ior
400 2264 437 2304 ex
451 2246 538 2304 rebus
551 2263 638 2320 posse
652 2245 753 2303 omnia
765 2254 865 2303 rentru
979 2216 992 2260 s

142 2354 180 2394 ex
193 2335 253 2411 igni
266 2345 342 2421 terra
355 2345 442 2412 atque
456 2337 554 2394 anima
567 2353 752 2442 procrescere
768 2342 798 2391 et
811 2335 904 2393 imbri.
1000 2356 1029 2401 7r
1033 2353 1047 2406 5

143 2444 268 2500 quorum
281 2428 493 2505 Acragantinus
507 2445 578 2485 cum
591 2426 689 2501 primis
705 2424 904 2499 Empedocles
916 2433 970 2496 est,

142 2515 237 2574 insula
250 2535 340 2592 quem
354 2494 500 2624 triqueffis
513 2527 653 2575 terrarum
667 2516 754 2590 gessit
768 2515 799 2573 in
812 2515 878 2587 oris,
1010 2524 1068 2574 (ν
1089 2466 1198 2565 Μ
1205 2497 1236 2557 2

142 2624 233 2681 quam
246 2607 403 2665 fluitans
376 2626 487 2666 circum
500 2607 614 2682 magnis
629 2607 804 2664 anfractibus
818 2623 928 2680 aequor
986 2581 1114 2701 Ἰφέα
1123 2619 1241 2658 mc·

144 2697 264 2755 Ionium
276 2698 386 2773 glaucis
400 2698 616 2788 aspargitqvirus
630 2697 668 2755 ab
681 2696 778 2769 undis,
876 2685 996 2756 dcci

67 2775 81 2801 ⁸
143 2797 327 2863 angustoque
341 2789 395 2847 fret
384 2800 416 2848 tu
429 2787 564 2864 rapidum
578 2806 658 2845 mare
672 2785 776 2845 dividit
788 2774 876 2844 uddis
1002 2804 1051 2852 720
1077 2740 1195 2831 mzr

144 2877 246 2936 Italiae
258 2888 398 2937 terrarum
412 2898 476 2938 oras
491 2877 668 2937 afinibus'
642 2895 714 2936 erus.
853 2849 923 2927 ιρὰ
956 2901 964 2918 «

144 2968 193 3026 hic
207 2977 252 3026 est
265 2978 347 3027 vasta
361 2969 525 3046 Charybdis
539 2979 570 3027 et
584 2968 632 3026 hic
646 2969 779 3026 Aetnaea
791 2966 938 3025 minantur

144 3077 293 3117 murmura
305 3059 486 3119 flammarum
498 3079 612 3118 rursum
627 3045 675 3118 se*
673 3035 832 3133 colligere
825 3076 888 3129 iras,
1003 3043 1231 3097 ΝΜ
1241 3036 1249 3064 '

144 3149 277 3208 faucibus
291 3161 409 3226 eruptos
423 3153 527 3209 iterum
539 3151 582 3210 vis
595 3159 628 3208 ut
641 3158 742 3208 vomat
755 3148 829 3225 ignis

145 3238 185 3297 ad
198 3240 371 3316 caelumque
385 3242 457 3300 ferat
470 3242 597 3300 flammai
611 3241 724 3318 fulgura
737 3259 858 3299 rursum.
1003 3255 1049 3308 725
1097 3318 1102 3325 ι

146 3347 221 3405 quae
236 3349 306 3389 cum
319 3350 426 3408 magna
436 3332 530 3392 modis
545 3334 641 3392 multis
656 3330 790 3391 miranda
802 3328 917 3389 videtur
1060 3358 1226 3450 M

146 3421 281 3496 gentibus
294 3421 427 3481 humanis
440 3425 521 3499 regio
534 3424 718 3526 visendaque
727 3399 823 3493 ferffir,
963 3416 996 3462 *θ
1040 3405 1058 3454 ⁴

145 3510 232 3570 rebus
245 3510 346 3587 opima
356 3513 450 3587 bonis,
464 3515 555 3574 multa
567 3516 680 3575 munita
691 3514 784 3573 virum
796 3510 834 3583 vi,
