2498 3894
192 198 264 268 ΙΙΙ.]
418 198 482 274 DE
512 197 658 250 RERUM
686 199 857 252 NATURA
1051 200 1093 266 77

188 378 244 418 nec
258 360 344 417 nimis
358 359 408 417 irai
423 359 471 416 fax
484 359 755 433 umquam-subdita
768 362 861 435 percit

188 450 307 521 fumida,
323 449 492 507 suffundens
507 468 613 507 caecae
628 451 756 525 caliginis
771 452 882 524 umbra,

187 558 244 598 nec
258 540 360 616 gelidis
375 522 470 614 torpet
484 541 547 596 telis
561 541 671 615 perfixa
684 542 817 614 pavoris:

187 631 416 704 interutrosque
431 631 518 701 sitast,
535 648 635 688 cervos
650 648 811 704 saevosque
825 631 936 691 leones.

187 722 229 779 sic
244 721 395 778 hominum
411 738 501 794 genus
517 730 569 777 est.
591 721 723 794 quamvis
738 720 871 778 doctrina
884 724 991 796 politos

187 812 343 868 constituat
358 804 464 884 pa'iiter
478 809 631 884 quosdam,
646 820 745 867 tamen
760 811 807 867 illa
821 812 956 886 relinquit

186 911 305 958 naturae
321 901 461 974 cuiusque
476 901 564 957 animi
578 901 698 974 vestigia
712 901 815 974 prima.
1035 884 1041 899 ⁴

186 1009 243 1048 nec
257 990 394 1048 radicitus
410 990 493 1048 evelli
507 991 582 1048 mala
596 1008 683 1064 posse
698 990 899 1065 putandumst,
1041 992 1091 1064 3ro'

115 1078 120 1163 f
187 1081 258 1155 quin
272 1081 427 1156 proclivius
441 1079 489 1137 hic
503 1081 558 1138 iras
573 1080 707 1138 decurrat
720 1080 759 1138 ad
776 1083 859 1154 acris,

186 1170 233 1228 ille
248 1181 328 1228 metu
342 1171 426 1228 citius
441 1170 528 1245 paulo
543 1180 709 1245 temptetur,
724 1180 754 1228 at
769 1172 815 1229 ille

186 1262 286 1319 tertius
300 1261 425 1335 accipiat
439 1260 584 1334 quaedam
599 1261 770 1319 clementius
780 1262 890 1336 aequo

186 1352 275 1426 inque
290 1352 351 1409 aliis
363 1351 449 1408 rebus
464 1351 560 1408 multis
576 1351 689 1409 differre
704 1363 852 1410 necessest

185 1453 301 1500 naturas
316 1442 468 1499 hominum
482 1442 573 1499 varias
588 1460 742 1515 moresque
757 1423 909 1515 sequaeis5
1040 1460 1086 1515 315

186 1550 311 1606 quorum
326 1551 381 1607 ego
396 1550 474 1589 nunc
489 1550 605 1605 nequeo
620 1549 723 1589 caecas
739 1549 886 1607 exponere
902 1551 1003 1591 causas
1022 1585 1027 1591 .

185 1641 242 1681 nec
256 1623 381 1697 reperire
396 1623 550 1696 figurarum
565 1631 608 1679 tot
621 1623 742 1678 nomina
756 1632 828 1695 quot
843 1632 910 1681 sunt

185 1713 343 1788 principiis,
358 1712 438 1769 unde
453 1712 525 1768 haec
541 1712 630 1769 oritur
643 1712 780 1768 variantia
793 1730 898 1770 rerum.

185 1803 256 1861 illud
270 1804 300 1861 in
314 1803 359 1861 his
373 1803 458 1859 rebus
472 1801 574 1859 videor
587 1802 701 1858 firmare
716 1812 842 1876 potesse,

185 1893 369 1968 usqueadeo
384 1902 550 1950 naturamm
564 1892 684 1966 vestigia
697 1892 789 1966 linqui
1039 1914 1089 1965 320
1136 1916 1150 1965 p

185 1985 303 2059 parvola
318 2001 393 2059 quae
408 1991 535 2056 nequeat
548 1966 621 2040 ratio
636 1981 783 2056 depellere
798 1983 892 2054 nobis,
984 1984 1018 2088 j(
1044 2014 1067 2051 (a
1090 1976 1108 2037 i*
1130 1978 1136 2029 l
1153 2004 1198 2037 κ..

185 2085 217 2131 ut
231 2075 271 2131 nil
285 2073 416 2148 inpediat
430 2072 549 2147 dignam
564 2072 608 2130 dis
623 2071 730 2147 degere
745 2073 842 2131 vitam.

226 2149 312 2221 Hdec
327 2164 412 2238 igitur
425 2172 527 2220 natura
540 2172 654 2219 tenetur
667 2180 790 2236 corpore
805 2164 843 2220 ab
858 2164 939 2222 omni

184 2254 305 2329 ipsaque
319 2254 449 2327 corporis
465 2263 508 2310 est
522 2263 621 2310 custos
635 2262 664 2309 et
679 2272 766 2309 causa
780 2253 897 2326 salutis;
1077 2322 1082 2341 ι
1149 2328 1154 2336 Ι

183 2362 251 2401 nam
266 2344 471 2401 communibus
485 2343 560 2401 inter
574 2361 604 2400 se
619 2342 764 2400 radicibus
779 2343 900 2402 haerent
1038 2348 1085 2418 3'25
1131 2332 1134 2337 ’
1157 2332 1160 2337 ’
1212 2332 1221 2344 ”
1238 2334 1246 2343 ’

184 2452 240 2491 nec
255 2435 317 2492 sine
331 2435 460 2509 pernicie
475 2433 572 2491 divelli
586 2451 672 2508 posse
685 2430 829 2492 videntur.

184 2524 264 2598 quod
279 2542 370 2600 genus
385 2542 401 2581 e
416 2524 506 2581 thuris
520 2524 628 2598 glaebis
643 2523 764 2581 evellere
780 2523 903 2583 odorem

183 2614 262 2672 haud
276 2615 360 2672 facile
374 2624 418 2672 est
433 2614 503 2688 quin
518 2604 640 2671 intereat
653 2624 756 2671 natura
770 2633 888 2689 quoque
904 2615 974 2673 eius.

183 2706 225 2763 sic
239 2705 328 2762 animi
342 2714 430 2778 atque
445 2704 560 2761 animae
575 2714 709 2761 naturam
724 2723 846 2780 corpore
860 2715 924 2763 toto

182 2795 332 2852 extrahere
347 2794 417 2852 haut
431 2794 514 2851 facile
530 2803 573 2851 est
587 2795 659 2867 quin
674 2795 773 2852 omnia
787 2795 987 2853 dissoluantur.
1037 2815 1086 2866 330
1121 2811 1124 2817 ’

181 2885 304 2960 inplexis
318 2885 359 2942 ita
372 2884 520 2959 principiis
534 2884 572 2941 ab
587 2885 697 2958 origine
711 2885 805 2959 prima

181 2974 257 3033 inter
270 2993 301 3033 se
315 2975 389 3034 fiunt
403 2974 530 3033 consorti
543 2966 676 3048 praedita
689 2975 755 3046 vita,
916 3048 919 3053 Ι

181 3083 238 3123 nec
252 3065 306 3124 sibi
320 3083 455 3140 quaeque
469 3065 532 3123 sine
546 3064 661 3122 alterius
676 3064 703 3121 vi
717 3082 804 3138 posse
817 3062 933 3123 videtur

182 3156 312 3230 corporis
326 3167 413 3230 atque
428 3155 517 3213 animi
532 3172 663 3212 seorsum
677 3155 782 3212 sentire
797 3165 935 3229 potestas
985 3200 989 3207 .
1024 3216 1027 3223 ,
1064 3196 1068 3203 -
1096 3172 1099 3183 ·

182 3245 236 3304 sed
250 3246 455 3304 communibus
470 3245 544 3302 inter
558 3244 763 3302 eas'conilatur
775 3245 921 3319 utrimque
1034 3265 1082 3317 335
1109 3306 1112 3312 ,

182 3336 309 3394 motibus
322 3353 463 3394 accensus
478 3335 562 3393 nobis
576 3353 629 3410 per
642 3335 752 3392 viscera
766 3351 875 3393 sensus

181 3435 332 3502 praeterea
345 3443 451 3501 corpus
464 3443 518 3500 per
531 3443 563 3483 se
577 3442 633 3483 nec
646 3425 772 3500 gignitur
784 3442 924 3499 umquam
