2498 3894
161 171 229 243 IV.]
309 166 318 172 ”
399 170 454 223 DE
480 171 626 224 RERUM
654 171 826 225 NATURA
1004 179 1056 224 IOl

159 331 287 389 versibus
301 330 332 388 in
345 329 450 387 nostris
464 347 591 404 possem,
607 329 679 387 dum
693 332 818 406 percipis
833 351 953 392 omnem

158 431 289 479 naturam
304 438 399 477 rerum
414 439 449 477 ac
463 421 603 494 persentis
618 421 796 499 utilitatem]
1032 445 1059 496 ²5

198 513 294 586 Atque
310 511 399 568 animi
414 511 552 584 quoniam
568 509 657 567 docui
672 521 774 569 natura
788 513 858 586 quid
874 524 950 573 esset

160 612 189 659 et
203 602 307 676 quibus
322 619 338 658 e
353 601 439 658 rebus
454 619 521 657 cum
537 618 661 674 corpore
676 613 796 675 compta
810 604 919 678 vigeret

159 710 254 768 quove
270 690 361 750 modo
376 690 512 748 distracta
526 690 633 748 rediret
646 691 676 748 in
691 692 773 749 ordia
787 694 889 767 prima,

158 800 237 839 nunc
251 799 336 856 agere
352 781 487 855 incipiam
502 781 563 850 tibi,
578 780 661 855 quod
674 792 824 840 vementer
838 783 875 840 ad
891 785 942 841 has
956 802 1001 842 res

159 873 269 943 attinet,
285 889 348 929 esse
364 890 399 928 ea
413 889 488 945 quae
502 889 598 928 rerum
613 871 765 929 simulacra
777 892 934 945 vocamus3
1029 894 1060 944 30

159 980 243 1037 quae,
259 962 341 1036 quasi
355 961 541 1018 membranae
556 979 671 1018 summo
687 960 724 1018 de
740 980 863 1036 corpore
878 981 974 1021 rerum

159 1051 307 1126 dereptae,
322 1052 443 1110 volitant
456 1051 589 1126 ultroque
604 1051 736 1124 citroque
750 1070 803 1126 per
817 1071 908 1125 auras,

159 1152 246 1217 atque
261 1141 367 1199 eadem
381 1142 465 1199 nobis
479 1142 661 1216 vigilantibus
676 1142 761 1199 obvia
774 1153 887 1201 mentes

159 1233 315 1290 terrificant
328 1242 416 1305 atque
432 1231 461 1288 in
476 1233 594 1303 somnis,
610 1250 678 1288 cunr
693 1250 780 1307 saepe
796 1234 901 1306 figuras

159 1323 324 1380 contuimur
337 1322 422 1379 miras
437 1322 646 1395 simulacraque
661 1322 726 1379 luce
741 1333 900 1394 carentum,
915 1333 916 1336 ’
1029 1340 1057 1392 35

159 1431 234 1488 quae
249 1431 303 1471 nos
318 1412 449 1470 horrifice
464 1412 626 1486 languentis
640 1430 728 1486 saepe
743 1430 848 1486 sopore

158 1503 317 1575 excierunt,
332 1521 370 1560 ne
385 1503 458 1560 sorte
472 1503 583 1560 animas
597 1502 764 1559 Acherunte
779 1521 894 1561 reamur

159 1594 285 1670 effugere
300 1602 349 1650 aut
364 1594 480 1650 umbras
495 1594 569 1650 inter
582 1593 663 1650 vivos
677 1592 794 1650 volitare

158 1702 232 1742 neve
247 1682 356 1759 aliquid
370 1683 459 1741 nostri
474 1691 540 1757 post
555 1692 679 1739 mortem
694 1701 780 1757 posse
795 1683 927 1757 relinqui,

159 1793 227 1832 cum
242 1792 347 1848 corpus
362 1773 447 1831 simul
461 1783 548 1846 atque
563 1773 653 1829 animi
668 1782 770 1829 natura
783 1784 936 1848 perempta
1028 1794 1059 1841 40

158 1865 189 1923 in
203 1883 255 1923 sua
269 1864 429 1922 discessum
443 1862 578 1920 dederint
591 1862 751 1937 primordia
765 1880 908 1937 quaeque.

200 1956 277 2013 Dico
291 1955 376 2029 igitur
389 1972 484 2011 rerum
499 1953 607 2028 effigias
622 1953 774 2027 tenuisque
789 1953 893 2028 figuras

158 2046 266 2104 mittier
278 2047 315 2104 ab
329 2046 414 2103 rebus
429 2063 544 2102 summo
558 2043 596 2101 de
612 2061 733 2118 corpore
747 2061 853 2114 rerum,

158 2120 229 2211 qd‘oi
243 2136 325 2211 quasi
339 2135 534 2206 membranae,
549 2134 595 2191 vel
609 2144 710 2191 cortex
723 2133 960 2205 nominitandast,
1028 2152 1059 2206 50

158 2226 240 2303 quod
254 2226 384 2301 speciem
399 2243 434 2282 ac
448 2226 570 2281 sormam
585 2224 706 2281 similem
721 2225 794 2298 gerit
808 2224 869 2281 eius
884 2224 980 2298 imago
992 2271 1008 2303 ,

158 2317 368 2391 cuiuscumque
383 2316 459 2373 cluet
474 2315 512 2372 de
527 2331 649 2388 corpore
665 2315 727 2371 susa
740 2315 844 2387 vagari.
983 2306 990 2314 ’

158 2407 189 2466 id
202 2408 270 2465 licet
284 2407 353 2464 hinc
367 2405 498 2481 quamvis
513 2404 611 2462 hebeti
626 2422 804 2479 cognoscere
820 2403 918 2465 eorde.

157 2499 301 2575 principio
315 2496 454 2572 quoniam
469 2495 587 2553 mittunt
600 2495 630 2551 in
645 2495 731 2552 rebus
745 2483 851 2569 ap'fiitis
1007 2486 1010 2493 ’

158 2608 282 2663 corpora
294 2607 340 2647 res
354 2587 470 2657 multae,
486 2585 590 2660 partim
606 2584 709 2642 diffusa
723 2585 825 2655 solute,

157 2679 263 2737 robora
277 2696 331 2735 ceu
346 2678 458 2735 fumum
472 2675 591 2734 mittunt
604 2674 744 2748 ignesque
758 2691 907 2748 vaporem,

158 2779 188 2827 et
201 2769 305 2844 partim
320 2777 458 2826 contexta
471 2766 562 2842 magis
577 2763 795 2837 condensaque,
810 2772 843 2820 ut
857 2764 927 2822 olim

158 2877 227 2917 cum
241 2859 338 2917 teretis
352 2866 466 2933 ponunt
479 2857 592 2914 tunicas
606 2863 715 2913 aestate
730 2852 860 2923 cicadae,

158 2957 189 3007 et
201 2949 281 3007 vituli
295 2967 364 3007 cum
377 2948 561 3006 membranas
576 2946 613 3004 de
629 2962 751 3020 corpore
767 2961 882 3003 summo
937 2958 946 2972 ·

158 3049 312 3098 nascentes
325 3039 450 3110 mittunt,
467 3047 496 3096 et
509 3039 580 3095 item
595 3055 663 3094 cum
677 3034 787 3093 lubrica
801 3051 920 3108 serpens
1028 3040 1061 3090 60

159 3131 238 3187 exuit
251 3130 281 3188 in
295 3129 384 3205 spinis
398 3138 507 3187 vestem
519 3149 527 3201 ;
549 3146 617 3184 nam
632 3143 721 3201 saepe
735 3125 868 3183 videmus

158 3219 272 3278 illorum
286 3219 384 3294 spoliis
397 3236 499 3293 vepres
513 3217 698 3276 volitantibus
712 3225 828 3273 auctas:
876 3206 889 3231 ’

159 3327 236 3384 quae
248 3309 387 3384 quoniam
401 3309 482 3380 fiunt,
497 3307 593 3366 tenuis
608 3323 726 3381 quoque
741 3304 830 3363 debet
844 3304 941 3380 imago

159 3400 198 3459 ab
209 3400 295 3459 rebus
309 3399 383 3458 mitti
396 3416 512 3458 summo
526 3397 564 3456 de
579 3414 701 3473 corpore
715 3413 821 3454 rerum.

49 3533 494 3741 mmm,
524 3614 546 3623 ,,
631 3618 635 3625 ,
688 3610 706 3627 ,,
761 3598 764 3609 .
