2498 3894
176 205 237 285 146
508 217 740 272 LUCRETIUS
1025 215 1073 287 [V.

171 399 208 438 ex
222 380 279 439 alio
293 388 380 456 atque
394 378 451 438 alio
465 379 562 437 lucem
576 379 683 437 iactare
697 378 816 437 subortu

32 495 35 498 ’
115 523 117 528 2
171 481 200 529 et
214 471 340 545 primum
354 469 495 545 quicquid
508 467 827 544 flammarumperdere
841 484 957 543 semper
965 487 975 541 ;

170 560 344 623 inviolabilia
357 560 430 618 haec
445 578 482 616 ne
497 558 599 617 credas
613 559 685 616 sorte
699 559 805 633 vigere.
1028 571 1075 630 305

211 650 348 725 Denique
362 668 423 707 non
437 648 547 723 lapides
562 666 680 723 quoque
695 648 772 705 vinci
790 646 885 705 cernis
898 647 936 707 ab
949 665 1032 721 aev0,

170 759 231 798 non
245 740 316 798 altas
331 740 413 797 turris
427 757 509 797 ruere
524 748 554 796 et
568 748 733 813 putrescere
748 755 825 810 saxa,

170 848 233 888 non
247 829 368 888 delubra
382 829 472 888 deum
486 829 696 909 simulacraque
711 828 786 886 fessa
801 827 902 900 fatisci,

172 938 229 977 nec
244 929 377 977 sanctum
392 937 502 977 numen
516 918 566 975 sati
581 919 735 993 protollere
749 917 814 976 finis

169 1027 257 1085 posse
272 1028 369 1084 neque
384 1009 522 1068 adversus
536 1019 654 1066 naturae
669 1007 788 1066 foedera
801 1007 876 1066 niti?
1028 1025 1078 1077 310

170 1100 299 1174 denique
314 1119 375 1157 non
389 1100 571 1157 monimenta
584 1099 676 1156 virum
691 1098 802 1172 dilapsa
815 1097 949 1156 videmus

170 1207 309 1264 quaerere
323 1208 465 1264 proporro
480 1189 534 1247 sibi
549 1207 619 1246 sene
634 1205 786 1247 senescere
800 1166 923 1249 credas?

170 1298 231 1337 non
245 1298 327 1337 ruere
342 1280 456 1337 avolsos
470 1279 564 1336 silices
579 1296 597 1335 a
610 1278 758 1337 montibus
773 1279 836 1336 altis

83 1434 88 1444 q
170 1388 226 1427 nec
240 1368 348 1426 validas
362 1369 426 1426 aevi
439 1369 514 1426 vires
528 1368 655 1443 perferre
669 1368 787 1444 patique

119 1501 121 1503 ·
168 1434 263 1517 fiditi?
276 1476 373 1533 neque
388 1459 468 1515 enim
482 1457 622 1516 caderent
635 1459 733 1517 avolsa
745 1466 875 1533 repente,
1028 1476 1077 1530 3¹5

169 1568 207 1607 ex
221 1550 333 1606 infinito
348 1566 423 1624 quae
438 1559 573 1623 ternpore
588 1549 814 1623 pertolerassent

168 1639 269 1698 onmia
282 1649 427 1697 tormenta
439 1639 541 1697 aetatis
555 1639 666 1713 privata
679 1638 800 1712 fragore.

210 1729 346 1803 Denique
354 1729 413 1786 iam
421 1738 501 1786 tuere
513 1727 580 1802 hoc,
588 1728 699 1785 circum
708 1744 853 1803 supraque
862 1725 944 1803 quod
955 1745 1076 1785 omnem

168 1819 300 1877 continet
312 1818 447 1892 amplexu
462 1828 565 1876 terrain
578 1840 584 1876 :
608 1817 632 1875 si
645 1823 780 1892 procreat
793 1836 831 1876 ex
844 1835 875 1875 se

169 1908 276 1974 omnia,
286 1907 366 1982 quod
376 1907 494 1982 quidam
504 1917 676 1978 memorant,
687 1907 847 1982 recipitque
856 1915 1016 1982 perempta,
1025 1925 1076 1975 320

168 2007 262 2055 totum
277 1998 405 2054 nativum
420 1998 533 2054 mortali
547 2015 671 2073 corpore
686 2006 809 2056 constat.

168 2106 237 2144 nam
252 2086 460 2161 quodcumque
475 2088 544 2144 alias
559 2105 640 2144 exse
655 2105 701 2144 res
715 2096 802 2161 auget
816 2086 933 2162 alitque,

168 2177 299 2234 deminui
314 2177 411 2247 debet,
426 2177 559 2248 recreari,
574 2195 641 2233 cum
655 2177 759 2251 recipit
772 2195 827 2235 res.

210 2269 363 2325 Praeterea
377 2267 400 2324 si
414 2267 492 2324 nulla
506 2267 559 2324 fuit
573 2267 703 2341 genitalis
718 2267 799 2341 origo

168 2367 307 2414 terrarum
323 2367 352 2414 et
367 2357 439 2413 caeli
454 2374 629 2431 semperque
644 2366 761 2413 aeterna
775 2356 865 2427 suere,
1026 2375 1074 2428 3²5

169 2466 221 2503 cur
235 2465 339 2520 supera
353 2446 461 2504 bellum
475 2447 650 2506 Thebanum
665 2455 694 2503 et
708 2447 808 2503 funera
821 2445 926 2503 Troiae

169 2555 230 2593 non
244 2537 312 2592 alias
327 2538 373 2593 alii
388 2554 507 2610 quoque
521 2555 566 2593 res
582 2537 716 2593 cecinere
732 2537 861 2609 poetae?

170 2622 229 2699 qito
244 2636 288 2682 tot
303 2626 379 2682 lacta
393 2626 485 2682 virum
500 2627 607 2683 totiens
622 2625 757 2682 cecidere
772 2642 868 2698 neque
884 2642 1009 2698 usquam

89 2778 93 2785 ,
170 2716 295 2773 aeternis
310 2716 403 2772 famae
418 2716 605 2772 monimentis
621 2715 706 2772 insita
720 2715 844 2772 florent?

83 2818 92 2835 ⁸
168 2824 278 2875 verum,
289 2816 322 2861 ut
333 2807 445 2878 opinor,
458 2805 545 2864 habet
556 2805 714 2862 novitatem
726 2823 840 2862 summa
850 2821 1011 2878 recensque
1026 2824 1077 2874 330

168 2905 296 2952 naturast
310 2894 412 2952 mundi
427 2913 523 2969 neque
539 2894 653 2970 pridem
668 2894 789 2952 exordia
804 2894 890 2968 cepit.

169 3003 257 3059 quare
273 2985 360 3042 etiam
374 2984 520 3059 quaedam
534 3003 614 3043 nunc
629 2994 703 3042 artes
719 2984 912 3060 expoliuntur,

169 3093 248 3132 nunc
262 3077 349 3132 etiarn
363 3085 541 3149 augescunt;
563 3093 643 3132 nunc
658 3073 759 3131 addita
773 3075 892 3148 navigiis
907 3083 974 3132 sunt

169 3165 268 3234 multa,
284 3164 374 3222 modo
389 3165 519 3238 organici
533 3165 655 3222 melicos
668 3182 809 3238 peperere
824 3182 954 3222 sonores,

169 3255 297 3328 denique
312 3265 413 3310 natura
426 3255 500 3311 haec
514 3272 612 3311 rerum
627 3255 757 3328 ratioque
772 3263 912 3329 repertast
1025 3273 1074 3326 335

169 3362 270 3418 nuper,
286 3353 315 3400 et
329 3344 405 3401 hanc
419 3345 528 3418 primus
542 3362 610 3402 cum
625 3345 724 3420 primis
739 3345 800 3418 ipse
815 3353 946 3418 repertus

169 3451 248 3494 nunc
263 3452 319 3512 ego
333 3453 396 3491 sum
411 3434 440 3490 in
455 3435 560 3509 patrias
574 3435 624 3509 qui
638 3435 747 3510 possim
762 3444 873 3492 vertere
889 3449 987 3491 voces,
