2498 3894
123 246 184 293 120
450 240 680 296 nuenarius
953 239 1020 310 [iv.

118 421 186 462 nam
200 404 315 479 penitus
330 402 418 460 fluere
433 412 520 477 atque
534 400 673 459 recedere
686 398 894 460 rebusodores
972 408 1021 475 695

117 494 261 568 significat
274 493 356 568 quod
371 494 460 550 fracta
473 492 564 566 magis
578 492 710 549 redolere
725 490 860 550 videntur

117 585 225 656 omnia,
240 582 322 657 quod
337 583 471 655 contrita,
486 581 568 656 quod
582 581 642 657 igni
656 581 874 639 conlabefacta:

117 673 226 731 deinde
240 673 339 730 videre
354 673 422 730 iicet
437 672 592 730 maioribus
607 689 671 730 esse
686 681 814 729 creatum

113 763 265 838 principiis
281 781 369 838 quam
384 780 449 832 vox,
465 762 604 836 quoniam
619 780 672 836 per
686 779 773 818 saxea
788 770 889 835 saepta

117 872 178 911 non
192 863 334 928 penetrat,
350 871 408 926 qua
420 871 479 910 vox
492 852 578 926 volgo
593 852 762 925 sonitusque
778 851 915 908 feruntur.
975 871 1024 918 700

117 962 206 1018 quare
222 944 308 1001 etiam
323 943 404 1017 quod
419 943 478 1000 olet
492 961 552 1000 non
566 951 626 999 tam
640 942 723 999 facile
739 959 802 999 esse
817 941 930 1000 videbis

117 1034 287 1108 investigare
302 1035 332 1090 in
347 1051 406 1107 qua
419 1033 455 1089 sit
468 1033 586 1107 regione
600 1032 726 1089 locatum
738 1052 747 1104 ;

117 1125 275 1199 refrigescit
290 1124 369 1180 enim
385 1122 551 1180 cunctando
566 1122 651 1196 plaga
665 1140 717 1196 per
731 1140 814 1180 auras

117 1233 173 1272 nec
189 1214 283 1270 calida
296 1212 334 1270 ad
349 1231 467 1270 sensum
483 1212 640 1269 decurrunt
654 1213 755 1269 nuntia
769 1230 874 1270 rerum.

117 1314 213 1363 errant
227 1321 314 1378 saepe
330 1322 418 1361 canes
432 1305 530 1375 itaque
545 1312 574 1359 et
588 1303 708 1377 vestigia
722 1312 874 1376 quaerunt.
975 1320 1022 1375 7⁰5

160 1393 243 1472 [Nec
258 1404 357 1452 tamen
372 1394 430 1451 hoc
444 1393 512 1450 solis
528 1392 557 1449 in
572 1392 711 1450 odoribus
725 1403 813 1468 atque
828 1411 966 1468 saporum

117 1485 147 1542 in
162 1494 304 1560 generest,
320 1482 373 1541 sed
388 1484 457 1541 item
472 1483 585 1557 species
599 1501 695 1539 rerum
710 1493 797 1558 atque
812 1484 925 1540 colores

117 1593 179 1632 non
194 1577 233 1633 ita
247 1576 426 1633 conveniunt
440 1574 478 1632 ad
493 1592 595 1632 sensus
610 1574 746 1631 omnibus
761 1592 874 1644 omnes,

118 1674 150 1722 ut
164 1683 225 1723 non
239 1666 295 1723 sint
309 1667 370 1723 aliis
385 1665 531 1740 quaedam
546 1664 637 1739 magis
652 1665 729 1721 acria
743 1664 814 1721 visu.

118 1756 189 1829 quin
203 1756 290 1813 etiam
304 1757 420 1830 gallum,
436 1765 554 1813 noctem
570 1754 813 1829 explaudentibus
828 1754 879 1812 alis
978 1773 1026 1820 7¹0

118 1863 250 1902 auroram
265 1846 341 1902 clara
355 1855 528 1902 consuetum
541 1863 615 1902 voce
630 1863 745 1917 vocare,

118 1953 215 1992 noenu
231 1945 342 2008 queunt
355 1935 447 1992 rabidi
462 1945 564 1992 contra
578 1945 710 1993 constare
725 1936 826 1993 leones

118 2025 206 2100 inque
221 2026 313 2082 tueri:
336 2027 375 2082 ita
389 2027 529 2083 continuo
544 2027 703 2083 meminere
718 2027 803 2101 fugai,

118 2116 253 2173 nimirum
268 2116 336 2190 quia
350 2126 417 2173 sunt
430 2117 570 2190 gallorum
586 2117 615 2173 in
629 2135 753 2191 corpore
768 2114 914 2190 quaedam

118 2207 238 2276 semina,
254 2224 329 2280 quae
344 2225 412 2263 cum
427 2216 494 2263 sunt
509 2207 600 2265 oculis
616 2208 733 2264 inmissa
748 2208 876 2278 leonum,
976 2223 1006 2280 7¹
1010 2223 1024 2278 5

118 2297 241 2370 pupillas
256 2296 445 2353 interfodiunt
459 2315 615 2370 acremque
631 2297 762 2355 dolorem

118 2387 268 2461 praebent,
282 2397 315 2443 ut
328 2396 476 2460 nequeant
491 2398 593 2444 contra
606 2387 709 2445 durare
725 2389 836 2469 feroces
848 2407 857 2460 ;

118 2495 186 2533 cum
201 2486 299 2533 tamen
313 2477 386 2534 haec
401 2487 514 2535 nostras
528 2478 606 2535 acies
620 2477 660 2534 nil
674 2478 788 2535 laedere
804 2478 924 2552 possint,

117 2578 167 2624 aut
182 2569 250 2642 quia
264 2586 324 2625 non
339 2578 492 2642 penetrant
507 2578 557 2625 aut
571 2567 653 2642 quod
668 2571 886 2642 penetrantibus
901 2570 954 2626 illis

118 2659 213 2714 exitus
228 2676 263 2714 ex
279 2658 369 2715 oculis
384 2658 456 2716 iiber
470 2659 564 2729 datur,
579 2659 609 2716 in
623 2658 798 2717 remorando
979 2678 1025 2724 720

118 2747 234 2804 laedere
250 2766 287 2804 nc
302 2748 415 2821 possint
429 2767 466 2806 ex
480 2750 537 2806 ulla
550 2749 659 2805 lumina
673 2748 782 2826 parte]

161 2839 248 2894 Nunc
263 2856 316 2912 age
331 2856 406 2912 quae
421 2848 559 2897 moveant
573 2839 703 2896 animum
718 2857 763 2896 res
777 2838 889 2911 accipe,
902 2848 931 2895 et
946 2837 1025 2895 unde

118 2945 194 3001 quae
209 2929 330 2985 veniunt
344 2929 462 2986 veniant
477 2930 507 2986 in
522 2939 650 2987 mentem
667 2929 787 3004 percipe
801 2929 911 3003 paucis.

119 3018 262 3092 principio
278 3019 335 3075 hoc
351 3019 429 3091 dico,
445 3038 540 3076 rerum
555 3019 708 3076 simulacra
720 3019 817 3094 vagari

119 3107 209 3164 multa
224 3107 318 3166 modis
333 3108 430 3166 multis
445 3110 475 3166 in
490 3118 610 3166 cunctas
626 3109 756 3183 undique
772 3109 859 3184 partis
978 3124 1024 3179 ⁷25

119 3197 224 3266 tenvia,
241 3214 316 3270 quae
331 3199 414 3256 facile
430 3199 505 3255 inter
519 3217 549 3256 se
565 3199 722 3273 iunguntur
736 3199 765 3256 in
780 3199 864 3266 auria,

120 3287 206 3343 obvia
219 3304 287 3343 cum
300 3288 429 3357 veniunt,
445 3298 477 3345 ut
491 3306 595 3345 aranea
609 3290 779 3364 bratteaque
794 3289 863 3345 auri.

119 3376 229 3451 quippe
245 3377 352 3434 etenim
367 3378 459 3435 multo
474 3378 565 3452 magis
580 3379 653 3436 haec
668 3389 734 3436 sunt
748 3379 846 3436 tenvia
859 3387 939 3435 textu

120 3483 209 3542 quam
224 3484 298 3541 quae
313 3467 478 3543 percipiunt
493 3469 595 3526 oculos
609 3470 761 3545 visumque
776 3469 931 3540 lacessunt,
