2498 3894
119 208 171 279 v.]
358 208 413 260 nr:
444 208 590 260 nanum
618 207 790 261 NATURA
965 194 1022 254 161

119 388 175 428 nec
184 378 291 435 ,manet
304 369 361 428 ulla
373 369 418 428 sui
432 369 531 428 similis
544 387 608 427 res:
631 369 731 427 omnia
744 369 876 445 migrant,
976 377 1025 440 830

119 460 220 517 omnia
234 468 394 517 commutat
407 469 509 517 natura
522 468 552 517 et
565 468 674 517 vertere
689 460 776 534 cogit.

119 570 248 626 namque
262 551 332 609 aliut
345 551 489 626 putrescit¹
499 561 528 609 et
541 569 614 610 aevo
629 550 724 609 debile
739 551 866 626 languet,

120 659 208 717 porro
222 641 292 698 aliut
305 639 437 698 clarescit
451 650 480 699 et
494 658 510 698 e
525 641 741 716 contemptibus
756 642 825 701 exit.

120 732 162 790 sic
177 732 262 807 igitur
276 730 378 788 mundi
391 739 523 788 naturam
537 731 625 789 totius
639 740 719 789 aetas

121 832 215 880 mutat
229 832 259 880 et
273 839 310 879 ex
323 822 379 903 alio
394 831 498 903 terram
507 831 602 899 ¹status
617 822 725 896 excipit
738 822 829 894 alter3
863 887 876 908 L·
979 830 1026 894 835

122 911 204 987 quod
219 902 315 987 potuit
329 898 546 985 nequinp‘os'sit
560 911 642 985 quod
657 910 718 969 n'on
733 912 796 969 tulit
809 906 886 971 ante.

163 1002 316 1077 Multaque
331 1010 393 1060 tum
408 1002 491 1059 tellus
505 1002 594 1059 ctiam
607 1010 744 1076 portenta
758 1020 856 1060 creare

123 1101 256 1150 conatast
270 1092 342 1149 mira
355 1091 429 1148 facie
444 1091 640 1165 membrisque
654 1101 765 1163 coorta,
945 1090 1029 1170 [tum,

122 1181 336 1258 androgynum,
350 1181 561 1256 interutrasque
575 1200 632 1239 nec
646 1191 752 1252 utrum,
767 1182 913 1255 utrimque
934 1201 1028 1241 remo·

123 1273 196 1331 orba
208 1271 320 1347 pedum
333 1272 448 1346 partim,
463 1290 603 1328 manuum
617 1271 736 1328 viduata
749 1272 885 1342 vicissim,
981 1280 1029 1340 840

123 1371 206 1420 muta
219 1362 281 1420 sine
296 1379 347 1420 ore
361 1361 459 1433 etiam,
474 1361 536 1418 sine
550 1362 629 1419 voltu
645 1379 733 1420 caeca
746 1371 868 1436 reperta,

123 1454 280 1528 vinctaque
295 1453 492 1511 membrorum
507 1469 559 1526 per
573 1460 669 1509 totum
682 1470 788 1526 corpus
803 1452 942 1524 adhaesu,

123 1561 181 1602 nec
195 1543 291 1601 facere
304 1551 337 1599 ut
351 1551 471 1617 possent
485 1542 642 1617 quicquam
657 1560 712 1599 nec
728 1540 834 1599 cedere
850 1560 1000 1617 quoquam

124 1651 182 1694 nec
196 1634 285 1691 vitare
300 1631 407 1690 malum
422 1651 478 1690 nec
493 1650 607 1690 sumere
622 1630 703 1707 quod
718 1633 792 1689 foret
806 1651 883 1691 usus.

126 1735 225 1783 cetera
239 1722 277 1782 de
291 1741 397 1799 genere
412 1722 470 1779 hoc
485 1733 614 1780 monstra
628 1741 663 1780 ae
678 1732 812 1796 portenta
827 1723 953 1794 creabat,
982 1731 1030 1794 845

126 1815 315 1890 nequiquam,
331 1813 470 1888 quoniam
485 1822 587 1898 natura
600 1813 753 1870 absterruit
767 1822 885 1871 auctum

127 1923 184 1963 nec
198 1914 320 1980 potuere
329 1901 466 1978 'cupitum
482 1903 583 1960 aetatis
598 1913 716 1978 tangere
732 1903 833 1961 florem

127 2013 184 2053 nec
197 1996 323 2069 reperire
338 1994 436 2052 cibum
451 2011 507 2051 nec
521 1993 601 2068 iungi
615 2011 668 2067 per
681 1993 803 2051 Veneris
817 2012 872 2051 res

127 2086 219 2144 multa
230 2083 365 2143 videmus
380 2085 458 2142 enirn
473 2084 558 2142 rebus
573 2101 745 2142 concurrere
760 2081 879 2156 debere,

127 2185 160 2233 ut
173 2174 365 2251 propagando
379 2175 493 2250 possint
506 2172 669 2248 procudere
684 2174 780 2231 saecla
791 2193 799 2246 ;
984 2181 1034 2244 850

128 2265 236 2342 pabula
249 2265 377 2339 primum
391 2275 423 2323 ut
437 2266 502 2337 sint,
518 2264 653 2339 genitalia
667 2262 774 2321 deinde
788 2282 842 2338 per
857 2272 934 2322 artus

129 2356 242 2414 semina
255 2352 314 2430 qua
327 2356 439 2430 possint
454 2355 592 2413 membris
608 2372 724 2412 manare
740 2354 866 2411 remissis
878 2373 888 2429 3

129 2446 295 2520 seminaque
312 2454 343 2503 ut
356 2447 484 2504 maribus
499 2444 637 2520 coniungi
651 2445 752 2519 possit,
766 2443 874 2503 habere

129 2545 232 2594 mutua
245 2519 423 2610 quimutent
437 2537 512 2594 inter
525 2555 557 2594 se
571 2535 678 2612 gaudia
691 2545 822 2610 uterque.

164 2625 383 2700 Multaquetum
393 2627 533 2684 interiisse
542 2625 979 2684 animantumsaeclanecessest
987 2634 1034 2696 855

130 2733 187 2773 nec
200 2717 330 2792 potuisse
344 2715 536 2792 propagando
550 2716 713 2791 procudere
728 2716 851 2790 prolem.

130 2823 200 2864 nam
214 2823 417 2880 quaecumque
431 2806 513 2864 vides
527 2807 606 2863 vesci
620 2806 752 2864 vitalibus
767 2805 852 2877 auris,

131 2905 182 2954 aut
196 2894 281 2954 dolus
295 2906 344 2954 aut
357 2897 445 2954 virtus
460 2905 509 2953 aut
524 2895 651 2970 denique
666 2895 810 2954 mobilitas
825 2904 869 2953 est

132 3004 170 3043 ex
184 2985 302 3044 ineunte
316 3004 389 3044 aevo
402 3004 496 3069 genus
511 2985 541 3043 id
555 2995 648 3043 tutata
661 3003 823 3045 reservans.

131 3076 280 3150 multaque
295 3085 371 3146 sunt,
385 3077 470 3134 nobis
485 3094 522 3134 ex
536 3076 655 3133 utilitate
671 3094 723 3133 sua
737 3093 813 3151 quae
987 3081 1035 3131 860

133 3164 340 3224 commendata
354 3176 482 3237 manent,
497 3166 604 3223 tutelae
618 3164 723 3222 tradita
736 3175 861 3223 nostrae.

132 3255 277 3330 principio
291 3274 383 3331 genus
397 3275 463 3314 acre
477 3257 597 3315 leonum
612 3273 755 3329 saevaque
771 3255 868 3313 saecla

133 3354 251 3404 tutatast
263 3347 360 3418 virtus,
373 3347 475 3420 volpes
489 3344 574 3404 dolus
589 3355 618 3403 et
631 3346 700 3420 fuga
714 3363 826 3403 cervos.

132 3445 163 3494 at
176 3435 337 3495 levisomna
350 3455 456 3494 canum
470 3437 531 3495 fido
545 3455 613 3493 cum
629 3445 749 3511 pectore
764 3433 855 3494 corda

585 3537 594 3572 1
601 3537 611 3572 1
