2498 3894
131 212 191 309 i7o
464 243 694 298 avertamus
979 244 1032 316 [v.

126 404 245 479 iuraque
260 404 445 478 constituere,
460 416 492 464 ut
506 406 613 465 vellent
626 407 738 482 legibus
752 406 802 465 uti.
877 409 878 413 ’

125 513 193 552 uam
207 513 299 570 genus
313 496 482 568 humanum,
498 496 643 555 defessum
658 498 686 554 vi
700 498 796 556 colere
811 515 925 570 aevom,
969 516 1031 568 1145

125 603 162 642 ex
176 585 331 643 inimicitiis
346 587 520 660 languebat;
543 606 602 661 quo
617 589 708 662 magis
723 589 819 662 ipsum

125 686 229 750 sponte
245 694 297 733 sua
311 676 419 735 cecidit
432 678 485 735 sub
500 677 579 752 leges
593 687 711 752 artaque
727 679 796 735 iura.

124 766 220 823 acrius
232 784 269 824 ex
282 767 323 824 ira
336 766 418 841 quod
433 768 512 824 euim
529 786 560 825 se
575 769 698 843 quisque
712 768 832 842 parabat

124 856 225 914 ulcisci
239 875 328 931 quam
342 876 421 914 nunc
436 869 638 916 concessumst
651 859 761 933 legibus
776 857 885 932 aequis

124 946 200 1003 hanc
211 947 249 1005 ob
259 965 321 1004 rem
330 957 374 1004 est
382 946 516 1005 homines
524 958 690 1022 pertaesum
701 948 728 1005 vi
736 949 832 1005 colere
841 964 955 1005 aevom.
969 964 1034 1018 1150

123 1035 193 1094 inde
208 1046 302 1094 metus
317 1038 444 1095 maculat
457 1056 619 1112 poenarum
633 1039 762 1112 praemia
775 1038 860 1096 vitae.

124 1126 301 1185 circumretit
316 1129 395 1185 enim
409 1129 451 1186 vis
466 1137 554 1202 atque
569 1129 673 1185 iniuria
687 1146 834 1203 quemque

125 1226 223 1290 atque,
239 1216 318 1275 unde
334 1227 469 1289 exortast,
485 1218 606 1276 adeum
622 1218 793 1292 plerumque
808 1215 932 1288 revertit,

122 1324 180 1365 nec
195 1308 307 1365 facilest
321 1307 467 1382 placidam
483 1327 517 1365 ac
531 1319 667 1383 pacatam
682 1308 788 1383 degere
803 1308 892 1366 vitam

123 1397 174 1471 qui
187 1397 274 1455 violat
289 1398 370 1455 factis
385 1400 554 1456 communia
567 1399 687 1458 foedera
700 1401 789 1474 pacis.
967 1413 1029 1468 1¹55

123 1488 177 1545 etsi
190 1488 260 1545 fallit
274 1489 353 1545 enim
367 1487 467 1545 divom
481 1506 573 1563 genus
588 1488 816 1564 humanumque,

121 1587 264 1652 perpetuo
279 1588 380 1636 tamen
394 1577 425 1635 id
440 1579 501 1636 fore
516 1579 590 1636 clam
606 1578 737 1637 diffidere
752 1580 860 1650 debet;

121 1669 230 1742 quippe
246 1669 296 1726 ubi
310 1686 341 1725 se
356 1669 438 1726 multi
452 1687 505 1744 per
519 1670 634 1727 somnia
647 1688 735 1745 saepe
750 1671 901 1744 loquentes

121 1768 170 1817 aut
184 1760 287 1817 morbo
302 1759 457 1817 delirantes
473 1770 606 1836 protraxe
621 1761 749 1817 ferantur

121 1857 150 1906 et
165 1849 257 1906 celata
271 1849 346 1906 mala
360 1850 389 1906 in
404 1849 535 1908 medium
550 1860 579 1907 et
593 1860 716 1924 peccata
731 1847 874 1927 dedisse}
965 1860 1030 1910 1160

161 1939 190 1996 N
194 1958 250 1996 unc
264 1958 339 2014 quae
355 1958 442 1997 causa
456 1940 545 1997 deum
560 1959 612 2014 per
626 1959 745 2015 magnas
759 1941 879 1998 numina
892 1943 987 2016 gentis

119 2030 293 2104 pervulgarit
307 2039 336 2087 et
350 2048 462 2087 ararum
478 2031 667 2105 compleverit
681 2031 758 2088 urbis

121 2120 365 2194 suscipiendaque
380 2121 485 2177 curarit
499 2121 650 2178 sollemnia
664 2140 754 2191 sacra,

120 2227 196 2284 quae
211 2211 334 2267 nuncin
349 2211 460 2285 magnis
476 2211 579 2268 florent
594 2230 674 2268 sacra
687 2212 767 2268 rebu'
783 2211 926 2285 locisque,

122 2301 202 2358 unde
218 2301 305 2357 etiam
320 2319 399 2357 nunc
415 2310 458 2357 est
472 2301 641 2358 mortalibus
656 2301 757 2357 insitus
773 2301 872 2358 horror
964 2310 1026 2375 1165

120 2392 170 2466 qui
186 2376 307 2449 delubra
321 2390 410 2448 deum
424 2409 501 2448 nova
516 2402 577 2448 toto
593 2392 711 2449 suscitat
727 2392 789 2449 orbi

119 2490 257 2538 terrarum
273 2490 302 2537 et
316 2481 394 2537 sestis
409 2481 487 2554 cogit
502 2482 647 2538 celebrare
663 2481 775 2553 diebus,

119 2589 180 2627 non
195 2571 234 2627 ita
249 2570 392 2627 difficilest
406 2571 549 2627 rationem
564 2570 686 2628 reddere
702 2572 804 2628 verbis,

120 2661 231 2735 quippe
246 2662 355 2717 etenim
371 2662 429 2718 iam
445 2671 506 2718 turn
521 2661 621 2718 divom
636 2662 767 2718 mortalia
781 2663 877 2718 saecla

119 2752 248 2825 egregias
263 2752 361 2835 animo
377 2751 464 2808 facies
479 2752 614 2824 vigilante
628 2750 767 2809 videbant
963 2772 1027 2819 1170

119 2851 149 2898 et
163 2842 253 2914 magis
267 2842 296 2897 in
311 2842 420 2898 somnis
435 2841 568 2897 mirando
583 2842 712 2916 corporis
727 2851 823 2899 auctu.

118 2931 163 2988 his
177 2931 262 3004 igitur
276 2950 394 2988 sensum
410 2931 575 2988 tribuebant
589 2941 744 3006 propterea
758 2931 838 3006 quod
870 3001 878 3013 ι

119 3023 250 3079 membra
264 3040 381 3078 movere
396 3021 568 3078 videbantur
581 3040 729 3096 vocesque
744 3023 883 3096 superbas

119 3112 231 3168 mittere
246 3129 299 3185 pro
315 3112 388 3168 facie
404 3112 552 3184 praeclara
567 3122 596 3168 et
609 3113 715 3168 viribus
730 3113 840 3186 amplis.

118 3212 325 3274 aeternamque
340 3201 449 3259 dabant
463 3202 561 3271 vitam,
577 3203 645 3276 quia
659 3220 774 3276 semper
789 3219 889 3259 eorum
960 3222 1023 3275 1¹75

119 3291 358 3365 subpeditabatur
373 3292 461 3348 facies
476 3302 505 3348 et
520 3292 611 3348 forma
625 3293 771 3362 manebat,

119 3391 148 3438 et
162 3391 261 3438 tamen
275 3382 397 3438 omuino
413 3381 493 3455 quod
508 3383 593 3439 tantis
608 3383 712 3440 viribus
727 3391 829 3439 auctos

117 3489 178 3530 nou
192 3481 302 3529 temere
316 3472 375 3529 ulla
388 3472 416 3529 vi
430 3473 564 3529 convinci
579 3490 665 3547 posse
680 3474 830 3548 putabant.
