2498 3894
122 256 181 319 132
454 251 685 307 nuenarius
951 251 1020 324 [rv.

116 414 255 489 languent
269 413 365 472 officia
379 422 467 488 atque
481 421 611 488 aegrotat
624 412 702 470 fama
714 412 860 470 vacillans,

117 505 186 563 huic
200 505 279 562 lenta
293 514 322 561 et
335 504 457 579 pulchra
471 505 500 560 in
514 502 639 578 pedibus
654 503 788 578 Sicyonia
801 502 898 562 rident
959 520 1020 575 1125

118 595 228 653 scilicet
243 604 272 652 et
286 594 410 668 grandes
424 593 507 652 viridi
521 612 590 652 cum
604 594 669 650 luce
684 592 829 667 zmaragdi

118 703 188 743 auro
203 684 390 742 includuntur
404 685 561 758 teriturque
576 684 732 741 thalassina
745 684 832 741 vestis

118 774 240 833 adsidue
255 784 284 832 et
298 775 419 832 Veneris
434 774 570 832 sudorem
586 775 713 833 exercita
726 783 817 848 potat.
893 792 896 797 ·

119 876 148 922 et
162 866 237 923 bene
252 875 333 939 parta
348 876 460 939 patrum
476 866 549 922 fiunt
563 864 746 933 anademata‚
762 865 873 934 mitrae,

118 954 265 1013 interdum
279 956 309 1011 in
323 954 428 1029 pallam
442 965 529 1029 atque
541 954 689 1012 Alidensia
700 956 812 1028 Ciaque
821 963 945 1012 vertunt.
961 973 1025 1023 1130

119 1045 225 1102 eximia
239 1055 319 1101 veste
334 1054 363 1102 et
377 1045 454 1101 victu
469 1045 609 1114 convivia,
625 1044 695 1114 ludi,

118 1134 227 1212 pocula
240 1135 350 1204 crebra,
366 1145 514 1208 unguenta
528 1152 655 1192 coronae
670 1144 746 1192 serta
758 1143 904 1208 parantur,

119 1225 308 1299 nequiquam,
323 1225 463 1297 quoniam
478 1224 578 1282 medio
593 1224 631 1282 de
646 1225 727 1282 sonte
741 1225 874 1298 leporum

120 1317 209 1390 surgit
223 1316 313 1372 amari
327 1314 427 1388 aliquit
441 1314 522 1388 quod
537 1316 566 1371 in
578 1315 650 1389 ipsis
665 1315 782 1373 fioribus
796 1324 892 1389 angat,
920 1309 925 1317 ’

119 1417 170 1465 aut
184 1424 252 1462 curn
267 1405 403 1462 conscius
418 1405 479 1479 ipse
494 1405 608 1462 animus
623 1423 654 1462 se
669 1406 742 1463 sorte
758 1405 906 1463 remordet
961 1422 1024 1477 1135

121 1495 267 1555 desidiose
282 1513 367 1570 agere
383 1505 508 1552 aetatem
522 1495 675 1569 lustrisque
689 1496 793 1570 perire,

120 1595 170 1644 aut
183 1584 265 1660 quod
280 1587 310 1661 in
324 1586 461 1659 ambiguo
475 1586 596 1643 verbum
611 1585 734 1642 iaculata
747 1585 862 1659 reliquit

121 1675 203 1750 quod
216 1674 326 1749 cupido
341 1675 471 1732 adfixum
485 1674 568 1732 cordi
579 1676 700 1732 vivescit
714 1685 745 1732 ut
760 1676 843 1750 igniS,

121 1777 170 1823 aut
184 1766 307 1822 nimium
321 1766 427 1822 iactare
442 1765 544 1823 oculos
559 1765 683 1823 aliumve
698 1767 772 1823 tueri

121 1856 202 1930 quod
217 1865 299 1930 putat
312 1855 343 1913 in
357 1856 495 1929 voltuque
509 1855 589 1913 videt
603 1857 723 1930 vestigia
736 1857 817 1913 risus.
964 1875 1028 1923 1140

161 1948 258 2020 Atque
268 1947 297 2002 in
308 1964 406 2003 amore
417 1947 492 2002 mala
502 1945 700 2020 haecproprio
712 1964 884 2021 summeque
896 1947 1028 2004 secundo

121 2037 323 2095 inveniuntur:
341 2037 370 2094 in
385 2035 506 2093 adverso
520 2054 589 2094 vero
604 2048 691 2111 atque
707 2037 788 2111 inopi
803 2047 878 2108 sunt,

121 2126 265 2202 prendere
280 2145 355 2201 quae
370 2129 463 2200 possis
477 2126 628 2183 oculorum
643 2126 752 2183 lumine
767 2139 879 2200 operto,

123 2217 361 2288 innumerabilia3
382 2226 414 2274 ut
429 2216 531 2273 melius
545 2217 661 2290 vigilare
676 2217 712 2273 sit
726 2227 802 2287 ante,

123 2327 181 2383 qua
195 2307 285 2365 docui
299 2308 419 2377 ratione,
435 2325 597 2381 cavereque
611 2325 648 2363 ne
664 2307 805 2364 inliciaris.
963 2326 1024 2378 1¹45

123 2417 191 2456 nam
205 2398 304 2467 vitare,
320 2399 418 2471 plagas
433 2398 463 2454 in
477 2399 584 2454 amoris
598 2415 636 2454 ne
651 2398 797 2468 iaciamur‚

123 2506 184 2546 non
198 2489 237 2544 ita
251 2487 366 2544 difficile
382 2497 425 2544 est
440 2505 528 2561 quam
543 2497 662 2561 captum
676 2487 784 2544 retibus
799 2487 868 2561 ipsis

124 2579 201 2635 exire
216 2587 246 2635 et
259 2577 371 2634 validos
385 2578 506 2634 Veneris
521 2595 708 2650 perrumpere
723 2576 828 2633 nodos.

124 2678 153 2726 et
167 2678 266 2726 tamen
280 2668 436 2741 implicitus
451 2685 569 2741 quoque
585 2669 678 2741 possis
693 2667 782 2741 inque
797 2667 914 2740 peditus

124 2758 250 2832 effugere
265 2757 411 2827 infestum,
427 2758 481 2814 nisi
496 2768 557 2814 tute
572 2757 624 2815 tibi
639 2757 741 2814 obvius
756 2757 854 2815 obstes
965 2775 1029 2827 1150

124 2858 154 2906 et
167 2848 378 2922 praetermittas
392 2847 481 2904 animi
495 2849 566 2904 vitia
580 2848 680 2905 omnia
692 2848 819 2921 primum

124 2947 174 2995 aut
188 2956 262 3011 quae
278 2938 401 3011 corpori'
416 2947 482 2994 sunt
496 2938 567 3008 eius,
582 2937 694 3012 siquam
708 2938 782 3011 petis
797 2937 896 2994 aevis

124 3047 195 3085 nam
209 3028 318 3084 faciunt
332 3027 466 3084 homines
480 3028 651 3102 plerumque
667 3028 803 3101 cupidine
818 3027 899 3084 caeci

124 3126 155 3174 et
168 3117 296 3175 tribuunt
309 3136 346 3175 ea
359 3135 434 3191 quae
448 3136 509 3174 non
523 3127 589 3174 sunt
603 3118 647 3175 his
661 3117 819 3174 commoda
831 3134 908 3174 vere.

124 3207 303 3264 multimodis
317 3207 402 3282 igitur
415 3225 517 3282 pravas
532 3209 681 3282 turpisque
696 3207 828 3265 videmus
966 3227 993 3264 rr
997 3226 1010 3279 5
1013 3225 1028 3279 5

125 3315 188 3356 esse
203 3298 233 3355 in
247 3298 357 3355 deliciis
372 3314 545 3371 summoque
559 3299 589 3354 in
604 3299 715 3355 honore
728 3299 833 3372 vigere.

124 3398 213 3462 atque
227 3388 297 3446 alios
311 3388 357 3445 alii
370 3388 496 3446 inrident
509 3389 712 3462 Veneremque
726 3387 850 3447 siladent

124 3486 159 3537 ut
171 3478 297 3554 placent,
312 3479 450 3553 quoniam
465 3478 555 3536 foedo
568 3477 753 3536 adflictentur
766 3496 874 3552 amore,
