2498 3894
198 221 242 284 60
535 233 765 286 LUCRETIUS

772 355 792 381 *i

198 393 253 452 sed
266 394 364 468 magni
378 393 483 451 referre
498 411 534 450 ea
547 394 674 469 primum
689 384 828 468 quantula
842 402 986 466 constent,

197 485 302 541 sensile
317 502 392 558 quae
407 484 524 555 faciunt,
539 493 569 540 et
583 502 642 558 qua
655 484 712 542 sint
726 483 858 559 praedita
871 485 972 556 forma,
1054 493 1101 556 895

197 574 325 632 motibus
339 573 488 632 ordinibus
503 574 639 648 posituris
653 573 781 648 denique
796 592 871 649 quae
886 575 950 633 sint.

198 682 320 738 quarum
334 664 375 720 nil
388 682 484 721 rerum
498 664 528 720 in
543 664 626 738 lignis
640 664 808 738 glaebisque
822 663 975 737 videmus;

198 764 228 812 et
241 764 339 812 tamen
353 754 436 825 haec,
452 773 520 811 cum
535 764 602 812 sunt
616 755 698 828 quasi
712 755 874 829 putrefacta
887 773 941 829 per
953 756 1068 826 imbreS,

196 845 370 902 vermiculos
384 845 508 919 pariunt,
524 845 593 919 quia
607 863 732 919 corpora
745 845 876 903 materiai

197 934 323 1008 antiquis
337 953 374 991 ex
388 933 538 992 ordinibus
552 944 686 1008 permota
700 952 821 992 novare
1053 958 1102 1007 900

197 1025 387 1082 conciliantur
401 1025 441 1082 ita
455 1034 487 1081 ut
501 1023 611 1082 debent
625 1024 761 1081 animalia
774 1025 861 1100 gigni.

196 1112 305 1171 deinde
320 1133 337 1172 e
352 1115 503 1173 sensilibus
518 1133 568 1189 qur
561 1114 688 1172 sensile
703 1133 790 1189 posse
805 1115 897 1172 creari

196 1205 384 1309 constituunt,
399 1223 487 1280 porro
502 1223 539 1262 ex
553 1205 614 1262 aliis
628 1205 735 1262 sentire
750 1205 824 1263 sue'ti

145 1284 405 1385 μ’ῗῆθιιῖηὑη
431 1274 610 1369 trtilh·
613 1304 751 1361 dwl-

195 1387 294 1444 mollia
307 1404 375 1442 curn
386 1387 504 1444 faciunt.
484 1394 596 1444 tnam
610 1403 712 1444 sensus
726 1385 852 1460 iungitur
866 1387 962 1444 omnis

195 1476 353 1535 visceribus
367 1477 462 1535 nervis
476 1477 567 1546 venis,
583 1494 658 1552 quae
676 1477 782 1550 cuique
796 1475 930 1533 videmus
1050 1495 1097 1549 905

195 1567 294 1624 mollia
307 1567 420 1624 mortali
434 1567 593 1624 consistere
608 1584 731 1655 corpore
747 1577 833 1625 creta.

196 1656 250 1714 sed
264 1666 362 1714 tamen
377 1666 439 1714 esto
454 1657 512 1714 iarn
527 1674 614 1731 posse
629 1656 703 1713 haec
717 1667 836 1714 aeterna
849 1674 985 1714 manere:

128 1820 132 1831 1
196 1764 311 1829 nempq
319 1757 418 1804 tamen
432 1746 542 1804 debent
556 1756 606 1804 aut
619 1765 739 1804 sensum
753 1748 840 1822 partis
855 1746 962 1804 habere

196 1847 246 1895 aut
255 1837 339 1895 simili
353 1838 419 1894 totis
434 1837 606 1895 animalibus
622 1856 685 1895 esse
700 1838 803 1912 putari.

197 1937 226 1985 at
239 1937 387 2017 nequeant
400 1945 452 2002 per
466 1946 502 1995 se,
512 1937 608 2002 partes
623 1929 728 1985 sentire
743 1944 864 1985 neeesse
879 1936 941 2000 est3
1051 1949 1101 1998 910

124 2009 131 2019 ’
196 2035 323 2092 namque
338 2018 393 2075 alio
408 2036 509 2076 sensus
524 2019 723 2077 membrorum
737 2018 853 2092 respicit
867 2018 971 2090 omniS,

198 2126 254 2165 nec
268 2127 371 2166 manus
387 2109 502 2166 anobis
517 2109 593 2182 potis
609 2118 652 2165 est
666 2118 779 2165 secreta
793 2127 889 2183 neque
905 2109 962 2164 ulla

196 2199 327 2272 corporis
341 2199 461 2256 omnino
477 2217 594 2255 sensum
610 2217 676 2272 pars
691 2198 752 2255 sola
766 2207 875 2255 tenere.
907 2251 925 2267 ,.

196 2287 333 2362 linquitur
346 2298 378 2345 ut
392 2289 459 2346 totis
473 2289 668 2345 animantibus
682 2287 901 2346 adsimulenturl

196 2379 239 2436 sic
254 2378 355 2436 itidem
370 2373 445 2452 quae
460 2379 601 2435 sentimus
616 2380 722 2435 sentire
736 2388 893 2450 necessest,
1051 2399 1099 2451 915

196 2469 273 2526 vitali
287 2478 319 2526 ut
333 2469 445 2543 possint
459 2469 624 2526 consentire
639 2468 770 2542 undique
786 2487 881 2526 sensu.

196 2559 246 2633 qui
261 2569 398 2634 poterunt
412 2559 496 2633 igitur
509 2577 605 2616 rerum
619 2559 777 2632 primordia
791 2558 851 2616 dici

197 2659 227 2707 et
241 2650 289 2706 leti
303 2649 391 2706 vitare
405 2651 474 2719 vias,
489 2650 624 2707 animalia
638 2668 705 2706 curn
717 2650 783 2720 sint,

196 2740 293 2815 adque
307 2739 443 2796 animalia
456 2740 513 2796 sint
526 2740 695 2797 mortalibus
705 2758 764 2796 una
778 2739 965 2815 eademque?

197 2828 278 2903 quod
292 2838 390 2885 tamen
405 2837 437 2885 ut
451 2830 572 2903 possint,
588 2840 617 2887 at
631 2841 717 2888 coetu
733 2831 917 2905 concilioque
1050 2854 1100 2904 9²0

196 2918 237 2975 nil
250 2918 356 2975 facient
371 2929 484 2992 praeter
497 2921 616 2994 volgum
631 2922 803 2995 turbamque
818 2921 1007 2993 animantum,

197 3008 308 3065 scilicet
322 3018 353 3064 ut
367 3019 515 3082 nequeant
529 3010 663 3067 homines
678 3021 808 3067 armenta
821 3011 957 3085 feraeque

197 3099 271 3156 inter
285 3116 348 3155 sese
362 3099 449 3155 ullam
464 3118 526 3156 rem
540 3101 657 3174 gignere
673 3100 888 3159 conveniundo.

197 3188 279 3263 quod
294 3189 317 3246 si
331 3188 405 3247 sorte
420 3208 505 3247 suum
520 3189 670 3248 dimittunt
684 3210 806 3266 corpore
822 3210 939 3249 sensum

197 3289 285 3354 atque
300 3279 387 3336 alium
403 3281 531 3354 capiunt,
546 3280 617 3354 quid
629 3300 703 3356 opus
715 3283 767 3339 fuit
778 3281 902 3340 adtribui
913 3281 944 3340 id
955 3280 1036 3356 quod
1050 3301 1097 3355 925

197 3369 377 3428 detrahitur?
398 3379 459 3428 turn
474 3380 631 3446 praeterea,
648 3391 706 3446 quo
721 3374 847 3448 fugimus
861 3385 938 3444 ante,

198 3471 341 3535 quatenus
356 3462 385 3518 in
399 3462 493 3536 pnllos
508 3462 637 3520 animalis
651 3463 755 3520 vertier
768 3483 823 3520 ova
