2498 3894
122 224 186 286 180
452 237 685 292 sucurritis
954 237 1025 308 [vr.

116 395 251 454 veridicis
265 395 351 471 igitur
363 397 496 472 purgavit
509 406 630 472 pectora
643 394 730 456 dictis

118 494 148 544 et
161 485 251 544 finem
265 486 364 544 statuit
377 485 553 562 cuppedinis
567 495 655 561 atque
668 487 780 545 timoris
994 502 1025 558 ²5

118 576 311 651 exposuitque
325 576 437 634 bonum
451 595 599 634 summum
614 595 674 651 quo
687 575 837 634 tendimus
852 594 956 635 omnes

117 665 286 741 quidforet,
302 676 389 740 atque
403 667 479 723 viam
494 667 674 738 monstravit,
687 665 802 724 tramite
819 684 910 742 parvo

116 774 176 830 qua
189 774 341 830 possemus
356 755 393 813 ad
408 755 439 814 id
452 766 535 814 recto
549 743 729 814 contendere
744 775 839 826 cursu,

117 845 226 920 quidve
240 847 308 904 mali
321 846 395 904 foret
409 847 439 904 in
453 847 539 905 rebus
553 846 716 905 mortalibu'
730 847 849 921 passim,

117 935 199 1011 quod
212 936 295 993 fieret
308 937 429 994 naturali
443 937 580 1010 varieque
594 936 704 994 volaret

117 1043 168 1083 seu
184 1044 254 1083 casu
268 1043 320 1084 seu
334 1026 371 1098 vi,
387 1024 468 1100 quod
483 1027 524 1083 sic
539 1035 642 1083 natura
656 1034 794 1100 parasset,

117 1126 147 1173 et
161 1117 266 1190 quibus
281 1133 297 1173 e
312 1116 403 1191 portis
417 1116 531 1174 occurri
545 1115 651 1190 cuique
666 1116 795 1187 deceret,

118 1216 147 1264 et
160 1223 252 1280 genus
266 1204 427 1263 humanum
441 1206 544 1264 frustra
557 1206 728 1281 plerumque
743 1204 876 1281 probavit

116 1296 231 1353 volvere
246 1314 379 1352 curarum
394 1296 480 1353 tristis
494 1295 525 1353 in
538 1306 660 1371 pectore
675 1295 790 1354 fluctus·

117 1404 186 1444 narn
199 1387 287 1443 veluti
301 1385 383 1460 pueri
398 1384 545 1461 trepidant
558 1396 646 1460 atque
661 1386 761 1443 omnia
774 1385 870 1442 caecis
991 1403 1023 1457 35

117 1476 147 1533 in
160 1476 287 1534 tenebris
302 1484 445 1547 metuunt,
460 1476 502 1533 sic
516 1493 571 1534 nos
585 1476 616 1533 in
629 1476 695 1556 luce
709 1476 844 1533 timemus

117 1565 273 1637 interdum,
288 1566 347 1623 nilo
362 1583 437 1639 quae
452 1575 519 1623 sunt
533 1564 694 1623 metuenda
706 1565 798 1639 magis
812 1582 903 1639 quam

118 1674 193 1730 quae
207 1656 289 1731 pueri
303 1656 334 1712 in
347 1657 475 1714 tenebris
489 1657 617 1730 pavitant
633 1656 805 1729 finguntque
819 1654 923 1714 sutura.

117 1744 196 1803 hunc
210 1746 294 1820 igitur
307 1755 448 1803 terrorem
462 1745 553 1803 animi
566 1745 760 1819 tenebrasque
774 1753 925 1803 necessest

117 1853 178 1893 non
192 1835 264 1893 radii
279 1836 347 1894 solis
360 1854 417 1892 nec
431 1835 529 1892 lucida
543 1836 600 1893 tela
615 1834 673 1892 diei
992 1857 1027 1905 40

118 1926 283 1996 discutiant,
298 1925 351 1984 sed
365 1935 484 1983 naturae
499 1926 613 2000 species
627 1925 769 2000 ratioque.

118 2035 177 2091 quo
192 2017 284 2090 magis
299 2016 451 2091 inceptum
465 2034 584 2091 pergam
599 2025 751 2090 pertexere
767 2013 863 2073 dictis.

159 2108 197 2163 Et
211 2107 349 2180 quoniam
365 2106 454 2164 docui
470 2106 573 2163 mundi
587 2106 722 2163 mortalia
735 2106 845 2181 templa

119 2214 182 2253 esse
198 2205 227 2253 et
241 2196 338 2253 nativo
353 2197 513 2253 consistere
528 2214 652 2270 corpore
667 2195 789 2267 caelum,

119 2296 148 2343 et
162 2304 365 2360 quaecumque
381 2286 410 2343 in
425 2305 462 2344 eo
477 2286 550 2344 fiunt
564 2287 685 2360 fierique
699 2296 856 2358 necessest,
993 2309 1008 2355 4
1011 2305 1025 2358 5

118 2378 256 2450 pleraque
272 2375 400 2445 ressolui‚
416 2393 492 2449 quae
507 2386 616 2434 restant
630 2377 750 2451 percipe
764 2394 861 2451 porr0,

119 2466 359 2542 quandoquidem
375 2466 466 2523 semel
480 2466 624 2542 insignem
639 2465 841 2525 conscendere
856 2485 972 2524 currum

568 2555 586 2592 a

118 2657 280 2719 ventorum,
297 2665 334 2705 ex
348 2647 389 2704 ira
404 2657 436 2704 ut
450 2647 610 2722 placentur,
624 2657 657 2706 ut
671 2647 771 2706 omnia
783 2667 896 2717 rursum

120 2756 195 2813 quae
208 2737 313 2795 suerint
327 2738 384 2795 sint
398 2739 514 2814 placato
529 2757 669 2797 conversa
682 2739 786 2797 furore.

120 2836 217 2884 cetera
231 2846 304 2902 quae
319 2829 381 2886 fieri
396 2830 426 2887 in
441 2829 521 2886 terris
536 2830 677 2904 caeloque
691 2837 808 2887 tuentur
995 2849 1028 2902 50

120 2918 264 2988 mortales,
279 2918 391 2992 pavidis
406 2937 474 2976 cum
489 2919 621 2994 pendent
635 2919 777 2977 mentibu'
792 2935 890 2994 saepe,

121 3017 150 3063 et
165 3007 272 3065 iaciunt
286 3009 399 3066 animos
414 3009 530 3067 humilis
545 3008 699 3067 formidine
714 3009 813 3067 divom

121 3097 334 3173 depressosque
348 3109 485 3173 premunt
499 3099 537 3156 ad
552 3110 656 3157 terram
672 3110 825 3174 propterea
839 3099 920 3174 quod

121 3188 284 3261 ignorantia
298 3207 449 3247 causarum
465 3190 597 3247 conferre
612 3189 735 3247 deorum

121 3279 201 3352 cogit
214 3279 253 3335 ad
268 3279 422 3354 imperium
437 3298 482 3337 res
497 3289 526 3336 et
540 3279 706 3338 concedere
721 3298 851 3354 regnum.
996 3299 1009 3350 5
1012 3299 1026 3351 ς

122 3387 189 3425 nam
205 3371 281 3427 bene
298 3370 348 3445 qui
362 3369 492 3428 didicere
508 3369 581 3429 deos
596 3389 730 3429 securum
745 3389 830 3446 agere
845 3389 960 3442 aevom,

122 3461 147 3518 si
161 3470 260 3518 tamen
275 3460 385 3517 interea
400 3461 538 3517 mirantur
552 3479 611 3536 quo
624 3461 736 3518 ratione
