2498 3894
131 233 191 298 162
458 247 690 304 rucnurrus
977 247 1029 320 [v.

126 418 156 467 et
169 427 261 484 genus
276 426 365 466 omne
380 408 462 484 quod
477 418 521 467 est
534 390 666 467 veterino
681 409 792 467 semine
806 417 923 484 partum
981 417 1029 482 865

125 499 328 575 lanigeraeque
343 499 429 556 simul
442 499 573 574 pecudes
588 509 617 556 et
630 500 740 558 bucera
754 499 851 557 saecla

125 591 224 647 omnia
238 599 305 648 sunt
319 589 471 646 hominum
485 590 591 646 tutelae
605 588 718 662 tradita,
734 590 869 648 Memmi.

124 698 193 737 nam
208 679 315 754 cupide
330 680 427 751 fugere
442 679 516 736 feras
530 697 693 754 pacemque
708 687 808 736 secuta

125 780 191 827 sunt
205 779 234 827 et
247 770 325 845 larga
338 787 391 827 suo
405 768 466 826 sine
481 769 588 842 pabula
601 778 684 842 parta
698 769 805 840 labore,

124 878 200 933 qnae
215 859 318 917 damus
332 859 460 916 utilitatis
475 876 575 915 eorum
590 859 720 932 praemia
734 877 830 917 causa.
979 866 1030 926 870

125 960 153 1007 at
168 950 232 1024 quis
246 950 287 1006 nil
300 949 403 1007 horum
418 949 516 1007 tribuit
530 957 641 1018 natura,
656 966 712 1004 nec
727 949 790 1022 ipsa

124 1050 230 1114 sponte
245 1058 297 1096 sua
310 1049 430 1113 possent
443 1049 476 1096 ut
489 1039 583 1096 vivere
599 1055 656 1094 nec
670 1036 740 1095 dare
755 1037 839 1096 nobis

126 1130 278 1187 utilitatem
294 1130 419 1204 aliquam
435 1148 523 1204 quare
537 1138 703 1204 pateremur
717 1146 819 1185 eorum

123 1218 269 1295 praesidio
283 1229 382 1277 nostro
398 1221 477 1294 pasci
492 1237 583 1295 genus
599 1208 840 1292 esseque'tutum

123 1310 234 1368 scilicet
248 1309 322 1366 haec
337 1310 397 1367 aliis
412 1309 538 1383 praedae
554 1310 692 1384 lucroque
707 1308 844 1366 iacebant
979 1316 1027 1380 875

122 1399 295 1475 indupedita
309 1402 367 1457 suis
382 1400 514 1457 fatalibus
529 1400 628 1456 omnia
642 1399 752 1469 vinclis,

123 1491 219 1548 donec
234 1490 272 1547 ad
286 1491 432 1547 interitum
446 1508 538 1565 genus
553 1489 584 1547 id
598 1498 699 1546 natura
713 1487 834 1563 redegit.

161 1580 219 1640 Sed
234 1599 330 1654 neque
345 1581 483 1638 Centauri
498 1580 622 1651 fuerunt,
638 1598 694 1636 nec
709 1589 840 1653 tempore
856 1577 886 1635 in
900 1577 960 1636 ullo

121 1689 185 1728 esse
200 1681 311 1745 queunt
325 1670 436 1745 duplici
449 1680 552 1727 natura
565 1680 595 1728 et
608 1688 732 1745 corpore
746 1670 817 1728 bino

121 1779 158 1818 ex
172 1761 343 1840 alienigenis
354 1760 492 1818 membris
507 1769 671 1834 compacta,
687 1769 816 1835 potestas
977 1766 1028 1818 880

120 1850 188 1908 hinc
204 1851 281 1907 illinc
294 1851 394 1924 visque
409 1860 441 1907 ut
455 1868 514 1908 non
529 1860 573 1908 sat
587 1869 639 1925 par
652 1868 715 1908 esse
732 1849 854 1924 potissit.

120 1941 150 1998 id
165 1942 233 1999 licet
248 1940 316 1997 hinc
331 1941 462 2015 quamvis
477 1940 575 1998 hebeti
590 1958 769 2014 cognoscere
784 1939 884 1997 cordex

120 2032 263 2106 principio
278 2031 387 2088 circum
402 2032 492 2088 tribus
506 2031 577 2088 actis
592 2031 715 2106 impiger
728 2031 810 2088 annis

120 2121 202 2178 floret
216 2139 294 2194 ecus,
311 2139 383 2195 puer
397 2121 616 2195 hautquaquam
628 2142 636 2192 ;
658 2139 726 2178 nam
741 2138 829 2194 saepe
845 2121 931 2177 etiam
945 2138 1026 2178 nunc

119 2212 208 2268 ubera
222 2230 413 2268 mammarum
429 2212 458 2268 in
473 2211 582 2269 somnis
596 2211 732 2268 lactantia
746 2220 873 2285 quaeret.
975 2218 1025 2281 885

119 2312 186 2376 post
200 2302 250 2360 ubi
264 2319 350 2358 ecum
365 2301 477 2358 validae
493 2302 566 2359 vires
581 2311 675 2360 aetate
691 2311 810 2359 senecta

119 2392 311 2465 membraque
327 2391 468 2449 deficiunt
483 2392 604 2466 fugienti
619 2391 756 2467 languida
769 2392 836 2461 vita,

119 2490 181 2538 tum
196 2480 316 2538 demum
331 2500 423 2556 puero
438 2483 477 2539 illi
491 2501 564 2540 aevo
579 2481 699 2539 florente
714 2482 845 2539 iuventas

120 2572 230 2645 occipit
245 2580 274 2629 et
289 2573 367 2629 molli
382 2573 466 2629 vestit
481 2572 617 2648 lanugine
632 2573 730 2630 malas.

119 2680 156 2718 ne
172 2662 245 2719 forte
261 2680 297 2718 ex
311 2661 430 2719 homine
446 2673 475 2719 et
489 2663 619 2720 veterino
634 2663 746 2720 semine
762 2679 904 2737 equorum
973 2667 1024 2733 890

119 2752 239 2809 confieri
253 2751 356 2809 credas
371 2753 533 2810 Centauros
549 2771 634 2828 posse
649 2770 745 2826 neque
761 2770 834 2824 esse,

119 2851 168 2899 ant
181 2841 290 2900 rabidis
304 2843 425 2900 canibus
441 2843 603 2900 succinctas
619 2843 808 2900 semimarinis

118 2933 289 3009 corporibus
304 2934 410 3010 Scyllas
425 2945 454 2991 et
468 2944 565 2993 cetera
580 2935 617 2991 de
632 2953 740 3009 genere
755 2935 868 3005 horum,

118 3025 192 3082 inter
206 3042 237 3082 se
251 3042 377 3100 quorum
391 3025 537 3082 discordia
551 3026 683 3082 membra
695 3024 828 3082 videmus
841 3045 849 3096 3

119 3133 194 3189 quae
208 3133 305 3189 neque
320 3115 477 3173 florescunt
491 3117 597 3190 pariter
611 3133 668 3172 nec
682 3115 787 3173 robora
801 3122 919 3171 sumunt
973 3121 1022 3186 895

118 3205 400 3280 corporibusneque
415 3206 561 3279 proiciunt
575 3215 670 3262 aetate
686 3212 827 3269 senectas

120 3314 176 3353 nec
191 3295 274 3353 simili
288 3295 403 3353 Venere
419 3295 574 3352 ardescunt
589 3314 644 3353 nec
660 3297 788 3354 moribus
803 3282 867 3352 unis

118 3386 305 3456 conveniunt,
321 3404 417 3460 neque
432 3396 499 3444 sunt
513 3385 617 3443 eadem
632 3385 760 3443 iucunda
773 3403 826 3460 per
839 3394 924 3442 artus.

118 3477 229 3552 quippe
242 3475 341 3534 videre
357 3476 423 3534 licet
438 3476 628 3552 pinguescere
643 3494 731 3551 saepe
748 3464 861 3571 cicuta}
