2498 3894
123 196 192 266 VI.]
364 198 420 250 DE
446 198 592 251 RERUM
619 199 792 254 NATURA

121 376 256 434 quaeque
271 359 331 434 geri
348 359 470 434 possint,
484 360 653 434 praesertim
667 361 753 419 rebus
767 361 797 418 in
812 361 866 421 illis
994 368 1028 419 60

121 466 197 523 quae
211 458 419 524 supera'caput
433 450 567 508 aetheriis
582 461 740 508 cernuntur
755 451 784 509 in
799 452 866 525 oris,

121 557 218 597 rursus
232 540 261 597 in
275 540 409 614 antiquas
423 540 583 598 referuntur
596 541 741 615 religionis

121 638 151 686 et
166 628 302 687 dominos
317 631 391 687 acris
406 628 583 701 adsciscunt,
597 631 697 688 omnia
710 649 798 705 posse
848 682 851 687 .

120 736 195 792 quos
209 720 306 776 miseri
321 718 454 790 credunt
470 720 560 794 ignari
574 719 645 794 quid
659 730 748 795 queat
762 740 836 793 esse,

120 807 192 882 quid
207 818 342 883 nequeat,
358 809 439 866 finita
453 819 581 883 potestas
597 809 724 884 denique
739 811 845 885 cuique
994 820 1025 884 ⁶5

119 916 247 972 quanam
262 900 298 956 sit
311 899 415 956 rationi
429 910 516 973 atque
531 900 587 956 alte
603 901 742 957 terminus
756 900 898 974 haerens;

120 985 180 1062 quo
195 988 285 1063 magis
300 999 428 1047 errantes
443 1007 532 1046 caeca
545 991 655 1047 ratione
670 990 809 1050 feruntur.

119 1096 195 1152 quae
210 1078 263 1136 nisi
278 1080 389 1153 respuis
404 1097 440 1135 ex
453 1079 552 1138 animo
566 1079 711 1154 longeque
725 1081 846 1141 remittis

121 1167 166 1225 dis
181 1167 302 1243 indigna
315 1178 417 1243 putare
432 1169 585 1244 alienaque
599 1170 680 1244 pacis
695 1189 806 1243 eorum,

121 1257 248 1316 delibata
262 1258 351 1316 deum
365 1277 418 1334 per
432 1268 461 1317 te
476 1260 528 1317 tibi
542 1261 662 1317 numina
676 1269 777 1318 sancta
995 1283 1026 1327 70

119 1366 209 1423 saepe
224 1349 367 1422 oberunt;
389 1367 450 1407 non
465 1367 525 1424 quo
538 1349 637 1407 violari
651 1368 766 1408 summa
780 1350 869 1408 deum
883 1351 926 1410 vis

119 1439 220 1513 possit,
235 1448 267 1496 ut
281 1457 318 1496 ex
331 1440 373 1496 ira
386 1456 498 1514 poenas
513 1449 612 1514 petere
628 1440 741 1498 inbibat
755 1441 838 1514 acris,

119 1528 173 1586 sed
189 1529 257 1604 quia
270 1539 331 1587 tute
345 1530 398 1588 tibi
413 1529 530 1605 placida
543 1549 612 1587 curn
626 1548 700 1604 pace
715 1532 829 1606 quietos

120 1620 280 1677 constitues
295 1638 418 1694 magnos
433 1620 538 1677 irarum
552 1620 667 1678 volvere
682 1621 795 1692 fluctus,

119 1726 176 1766 nec
190 1708 311 1767 delubra
325 1709 413 1768 deum
428 1710 545 1785 placido
560 1729 628 1768 curn
641 1721 761 1785 pectore
776 1711 881 1774 adibis.
994 1730 1022 1784 75

119 1817 176 1856 nee
190 1798 229 1857 de
244 1818 367 1874 corpore
382 1819 458 1876 quae
473 1810 576 1859 sancto
590 1801 742 1859 simulacra
755 1803 884 1860 seruntur

121 1890 151 1946 in
166 1900 279 1948 mentes
294 1890 447 1948 hominum
461 1889 577 1948 divinae
592 1892 693 1948 nuntia
706 1892 826 1964 formae,

120 1980 267 2055 suscipere
282 1980 356 2038 haec
370 1981 460 2038 animi
473 1982 627 2055 tranquilla
640 1975 713 2055 pace
728 1982 845 2041 valebis

120 2069 190 2128 inde
203 2069 303 2128 videre
317 2071 385 2129 licet
399 2071 491 2146 qualis
506 2071 563 2128 iam
578 2071 636 2128 vita
650 2083 795 2146 sequatur.

120 2177 208 2235 quarn
223 2159 344 2235 quidem
358 2170 423 2220 uta
436 2162 521 2220 nobis
535 2162 608 2219 ratio
622 2162 770 2220 verissima
783 2163 872 2237 longe

119 2251 229 2323 reiciat,
244 2270 424 2326 quamquam
438 2260 505 2309 sunt
519 2270 536 2308 a
550 2270 598 2309 me
612 2253 701 2309 multa
715 2254 854 2327 profecta,

119 2342 210 2399 multa
223 2351 322 2400 tamen
337 2352 447 2399 restant
461 2351 491 2399 et
505 2351 573 2400 sunt
587 2341 719 2400 ornanda
732 2343 828 2417 politis

119 2432 267 2504 versibus;
285 2442 329 2490 est
342 2433 416 2490 ratio
431 2433 504 2490 caeli
519 2433 690 2507 speciesque
707 2432 843 2505 tenenda,

120 2532 187 2579 sunt
201 2532 389 2598 tempestates
406 2533 436 2581 et
450 2522 570 2580 fulmina
584 2523 660 2579 clara
673 2522 816 2594 canenda,

121 2611 192 2688 quid
206 2614 312 2671 faciant
327 2624 356 2672 et
370 2632 428 2689 qna
442 2612 480 2670 de
496 2632 584 2671 causa
597 2631 723 2687 cumque
739 2613 882 2671 ferantur:

120 2720 158 2760 ne
173 2703 301 2778 trepides
315 2704 390 2762 caeli
404 2704 501 2762 divisis
516 2704 645 2779 partibus
659 2721 770 2774 amens,

121 2792 199 2852 unde
214 2794 314 2852 volans
329 2794 401 2869 ignis
416 2795 580 2868 pervenerit
594 2803 644 2852 aut
658 2793 687 2851 in
701 2802 794 2850 utram
809 2809 841 2849 se

119 2884 236 2940 verterit
250 2884 317 2941 hinc
332 2886 446 2959 partim,
461 2901 521 2958 qno
536 2893 625 2959 pacto
639 2902 692 2958 per
704 2883 770 2942 loca
783 2891 885 2956 saepta

120 2973 278 3044 insinuarit,
293 2984 322 3032 et
337 2974 404 3030 hinc
420 2973 587 3031 dominatus
601 2983 633 3031 ut
647 2972 780 3032 extulerit
795 2991 836 3030 se.

120 3072 151 3120 tu
166 3061 236 3120 mihi
251 3081 402 3138 supremae
411 3064 594 3138 'praescribta
607 3063 646 3121 ad
660 3063 788 3121 candida
802 3063 891 3122 calcis

120 3152 246 3209 currenti
258 3153 382 3227 spatium
396 3163 603 3228 praemonstra,
618 3152 722 3210 callida
734 3172 819 3211 musa

121 3241 262 3316 Calliope,
277 3242 391 3317 requies
405 3243 556 3301 hominum
570 3242 728 3318 divomque
741 3245 885 3320 voluptas,

120 3340 151 3389 te
165 3329 241 3389 duce
255 3341 287 3389 ut
301 3332 406 3408 insigni
419 3333 533 3407 capiam
549 3351 616 3390 cum
630 3332 717 3391 laude
732 3352 883 3396 coronam.

124 3484 126 3488 Α
163 3421 309 3499 Principio
323 3424 430 3481 tonitru
445 3422 613 3498 quatiuntur
626 3424 740 3481 caerula
753 3425 827 3483 caeli
