2498 3894
127 212 175 284 [v.
372 219 427 272 na
447 219 594 272 aarum
622 219 794 275 NATURA
970 221 1028 290 155

122 396 192 449 non,
207 378 335 454 inquam,
350 379 473 454 simplex
486 378 530 437 his
544 380 630 438 rebus
643 379 759 439 reddita
773 390 895 442 causast.
979 389 1029 442 620

122 487 190 526 nam
204 469 266 527 fieri
280 469 326 527 vel
339 487 407 527 cum
421 469 520 544 primis
535 469 566 526 id
579 488 666 545 posse
679 471 805 544 videtur,

123 559 285 617 Democriti
299 558 379 633 quod
394 569 495 617 saneta
508 559 560 617 viri
574 561 719 618 sententia
732 562 825 636 ponit,

121 659 232 724 quanto
247 667 381 724 quaeque
395 651 487 724 magis
502 650 558 707 sint
572 659 677 708 terram
691 651 787 710 sidera
800 661 927 730 propter,

121 748 202 796 tanto
217 756 304 813 posse
320 740 415 796 minus
430 758 498 795 cum
514 740 586 796 caeli
601 741 715 798 turbine
730 742 804 800 ferri.

121 846 293 887 evanescere
308 829 386 887 enim
400 829 515 904 rapidas
529 829 602 888 illius
616 840 645 887 et
659 832 732 890 acris
977 840 1025 905 6²5

121 919 253 976 imminui
268 929 366 993 supter
378 920 453 990 viris,
469 919 597 994 ideoque
613 922 736 996 relinqui

119 1008 259 1084 paulatim
274 1009 365 1067 solem
380 1027 448 1066 cum
463 1010 664 1083 posterioribu’
680 1012 777 1086 signiS,

120 1099 236 1156 inferior
249 1099 340 1156 multo
355 1097 437 1174 quod
451 1101 487 1157 sit
501 1117 590 1174 quam
604 1100 714 1158 fervida
727 1103 817 1177 signa.

120 1198 151 1246 et
165 1189 255 1264 magis
269 1190 327 1247 hoe
341 1189 457 1246 lunam:
481 1200 592 1263 quanto
607 1189 759 1250 demissior
773 1192 835 1250 eius

120 1296 220 1338 cursus
234 1279 316 1337 abest
329 1279 432 1352 procul
445 1297 463 1336 a
476 1280 559 1338 eaelo
573 1281 712 1356 terrisque
727 1283 912 1357 propinquat,
975 1288 1025 1353 630

120 1379 202 1427 tanto
216 1386 304 1443 posse
318 1368 413 1427 minus
428 1388 495 1427 eum
511 1370 599 1445 signis
614 1370 735 1428 tendere
750 1389 875 1429 cursum.

119 1458 286 1517 flaccidiore
301 1459 409 1516 etenim
423 1470 533 1534 quanto
548 1461 606 1517 iam
620 1461 734 1518 turbine
749 1461 838 1519 fertur

119 1549 238 1607 inferior
252 1566 340 1623 quam
355 1550 407 1620 sol,
423 1560 504 1607 tanto
519 1551 611 1625 magis
625 1551 724 1608 onmia
738 1551 819 1625 signa

119 1638 196 1697 hanc
211 1637 412 1714 adipiscuntur
426 1641 537 1698 circum
551 1650 723 1715 praeterque
738 1641 874 1698 seruntur.

118 1737 276 1804 propterea
289 1730 322 1786 fit
335 1739 367 1786 ut
381 1729 455 1787 haec
469 1730 508 1787 ad
522 1731 638 1805 signum
652 1729 792 1805 quodque
807 1731 909 1788 reverti
974 1738 1021 1803 635

119 1818 255 1877 mobilius
269 1819 409 1890 videatur,
423 1819 462 1877 ad
477 1821 553 1877 hanc
568 1821 637 1895 quia
650 1820 732 1895 signa
744 1822 881 1879 revisunt.

120 1907 153 1966 lit
167 1927 286 1984 quoque
300 1919 332 1968 ut
345 1928 362 1968 e
377 1909 479 1968 mundi
494 1911 646 1969 tranversis
660 1911 788 1985 partibus
802 1915 852 1971 aer

120 1998 235 2058 alternis
250 2009 330 2057 certo
344 2000 432 2058 fluere
446 2001 518 2058 alter
532 2011 663 2076 tempore
677 2001 778 2075 possit,

120 2089 171 2164 qui
185 2099 273 2163 queat
286 2089 399 2147 aestivis
413 2090 505 2148 solem
519 2089 673 2147 detrudere
688 2091 775 2164 signis

119 2178 256 2238 brumalis
270 2197 362 2253 usque
376 2179 415 2236 ad
430 2180 519 2236 flexus
533 2179 721 2254 gelidumque
735 2181 869 2254 rigorem,
974 2184 1025 2248 640

121 2279 151 2327 et
165 2269 215 2344 qui
229 2269 328 2327 reiciat
341 2269 442 2344 gelidis
456 2288 475 2326 a
489 2270 598 2344 frigoris
612 2270 721 2327 umbris

120 2360 268 2417 aestiferas
281 2377 374 2433 usque
390 2360 419 2416 in
434 2360 522 2434 partis
537 2369 566 2417 et
580 2358 689 2416 fervida
703 2360 793 2434 signa

121 2460 151 2508 et
164 2449 275 2508 ratione
290 2449 350 2524 pari
365 2450 463 2506 lunam
478 2450 631 2523 stellasque
645 2449 844 2524 putandumst,
1022 2471 1097 2586 ΩΑ]

121 2557 196 2614 quae
210 2539 330 2597 volvunt
343 2557 465 2614 magnos
480 2540 509 2597 in
522 2540 635 2614 magnis
649 2540 766 2598 orbibus
780 2511 884 2612 annds,
1017 2566 1024 2584 .
1089 2532 1136 2578 (4⁴
1147 2555 1152 2564 -
1162 2501 1193 2576 3,
1202 2515 1229 2583 ll

121 2630 235 2689 aeribus
248 2647 335 2704 posse
350 2630 466 2687 alternis
481 2647 497 2686 e
512 2630 640 2703 partibus
653 2630 703 2687 ire.
974 2634 1023 2700 ⁶45

121 2737 221 2777 nonne
236 2719 318 2776 vides
333 2719 421 2776 etiam
435 2719 554 2776 diversis
568 2719 667 2778 nubila
679 2718 772 2776 ventis
964 2720 967 2726 ’
1082 2779 1121 2796 ᾖ
1208 2759 1216 2778 t

121 2808 250 2867 diversas
265 2809 305 2867 ire
320 2809 350 2866 in
364 2810 452 2884 partis
468 2810 578 2867 inferna
592 2778 746 2883 superbis?
903 2780 1048 2880 slaha
1143 2793 1229 2873 aba

122 2899 172 2972 qui
188 2899 282 2957 minus
297 2899 344 2957 illa
357 2909 467 2974 queant
480 2917 533 2974 per
547 2916 668 2973 magnos
682 2898 806 2956 aetheris
820 2896 897 2957 orbis
1147 2895 1229 3010 J

87 3023 90 3026 -
122 2989 249 3047 aestibus
263 2989 338 3047 inter
351 3007 382 3046 se
397 2989 517 3046 diversis
531 2989 627 3046 sidera
640 2989 726 3046 ferri?

163 3081 202 3137 At
216 3098 274 3138 nox
288 3079 385 3137 obruit
399 3080 508 3155 ingenti
522 3079 644 3154 caligine
658 3089 756 3152 terras,
975 3084 1027 3150 650

123 3178 174 3227 aut
186 3169 236 3228 ubi
250 3168 288 3227 de
303 3170 390 3244 longo
405 3188 490 3227 cursu
504 3170 548 3228 sol
562 3170 662 3226 ultima
676 3169 750 3228 caeli

123 3259 237 3334 impulit
249 3270 337 3334 atque
351 3277 419 3317 suos
433 3259 541 3317 efflavit
555 3258 707 3334 languidus
721 3259 796 3334 ignis

123 3366 283 3408 concussos
297 3349 368 3407 itere
383 3359 412 3407 et
425 3350 583 3408 labefactos
597 3354 663 3409 aere
678 3350 779 3421 multo,

124 3448 174 3497 aut
187 3439 256 3515 quia
269 3440 323 3498 sub
337 3448 425 3498 terras
439 3457 556 3498 cursum
570 3451 741 3498 convortere
755 3438 834 3515 cogit
