2498 3894
190 176 259 248 ιιι]
425 178 479 230 on
507 177 653 231 neuun
681 175 855 230 NATURA
1048 177 1090 243 97

186 350 389 416 praemetuens
404 340 523 400 adhibet
537 341 667 399 stimulos
681 318 826 415 terietque
842 341 960 417 flagellis
1041 328 1072 380 θ’
1178 320 1198 338 '¹

186 450 241 489 nec
254 431 334 491 videt
347 433 458 489 interea
471 433 521 506 qui
535 432 675 489 terminus
690 450 754 490 esse
770 433 910 490 malorum
1029 454 1091 489 1020

185 523 277 597 possit
291 540 347 579 nec
361 540 436 595 quae
451 523 487 580 sit
502 540 663 596 poenarum
678 522 806 623 denique
821 523 886 580 finis

186 621 272 686 atque
287 611 393 669 eadem
404 630 451 669 me
453 613 507 670 tuit
521 613 612 687 magis
627 613 748 669 haecne
761 613 790 669 in
802 623 894 671 morte
910 624 1089 688 gravescant
1150 678 1155 687 ¹

185 673 842 776 fficAcherusiafitstultorumdeniquevita.
1003 687 1065 762 (ι’-υ
1124 714 1157 753 ·'
1199 730 1203 739 ·

227 793 346 850 Hocet
327 803 396 850 tram
411 793 462 850 tibi
476 802 537 850 tute
552 792 699 850 interdum
714 792 811 849 dicere
827 793 921 867 possis
966 800 977 809 ”
1011 806 1028 819 ··

107 893 110 899 ’
187 882 313 940 ‘lumina
327 902 365 941 sis
380 884 572 941 oculiseram
587 884 682 941 bonus
696 883 790 940 Ancu
806 883 920 958 reliquit
1027 896 1180 955 1025321

101 1027 105 1045 ι
185 974 237 1047 qui
251 974 352 1031 melior
366 974 445 1030 mult'
426 984 461 1031 trs
476 991 565 1048 quam
579 984 610 1031 tu
625 974 686 1044 fuit,
701 957 844 1048 implebe,
860 975 956 1033 rebus.

185 1063 254 1121 inde
269 1065 316 1121 alii
331 1064 413 1121 multi
426 1082 508 1138 reges
522 1081 677 1138 rerumque
692 1073 827 1138 potentes

185 1153 365 1224 occiderunt,
381 1155 493 1229 magnis
507 1155 558 1228 qui
572 1155 706 1229 gentibus
722 1154 931 1229 imperitarunt.
1178 1228 1181 1233 ι

184 1245 231 1302 ille
247 1263 365 1320 quoque
380 1245 452 1320 ipse,
467 1245 542 1302 viam
556 1245 607 1319 qui
622 1244 773 1318 quondam
795 1263 847 1319 per
861 1263 939 1303 mare
954 1263 1093 1320 magnum

185 1336 283 1393 stravit
297 1336 407 1409 iterque
422 1334 504 1392 dedit
518 1335 680 1409 legionibus
695 1335 735 1392 ire
750 1353 803 1409 per
817 1334 906 1392 altum
1030 1355 1093 1404 1030

126 1496 130 1501 Ι
185 1444 220 1483 ac
235 1425 360 1501 pedibus
374 1425 461 1483 salsas
476 1425 577 1483 docuit
592 1443 726 1499 superare
742 1426 863 1483 lucunas

102 1520 122 1568 ‘.·
185 1524 215 1573 et
229 1516 384 1573 contemsit
399 1517 480 1590 equis
495 1516 634 1573 insultans
649 1534 796 1572 murmura
810 1515 901 1592 ponti,

111 1652 121 1677 ,.
185 1606 294 1664 lumine
309 1605 448 1714 adempto
463 1606 590 1663 animam
607 1605 782 1664 moribundo
797 1624 920 1680 corpore
935 1605 1018 1665 fudit.

185 1680 344 1773 Scipiadas,
360 1697 426 1754 belli
441 1697 549 1754 fulmen
553 1697 759 1770 ,Carthaginis
774 1697 884 1768 horror,

101 1815 103 1823 ·
131 1778 157 1834 ι’·
178 1780 252 1846 ¹ossa
265 1787 372 1845 deditt
361 1796 451 1844 terrae
466 1786 590 1862 proinde
606 1806 640 1844 ac
655 1787 743 1844 famul
758 1788 873 1867 infirnus
888 1796 972 1845 esset
1030 1805 1091 1857 1035

177 1854 263 1935 adde
277 1887 439 1952 repertores
454 1876 696 1935 doctrinarumt
667 1887 696 1934 at
698 1896 754 1953 que
769 1858 910 1952 leporum,
1014 1888 1017 1892 '
1055 1868 1109 1935 ιζ,
1129 1920 1133 1928 .

109 1974 132 1987 ““
184 1968 263 2026 adde
278 1968 507 2027 Heliconiadum
523 1969 614 2026 comit
616 1987 666 2040 es,·
687 1987 811 2043 quorum
826 1987 900 2024 unus
916 1968 1088 2024 Homerus
1201 1974 1206 1983 '

104 2099 117 2117 ..
185 2069 300 2134 sceptra
312 2060 422 2134 potitus
437 2058 541 2116 eadem
556 2059 617 2116 aliis
632 2059 737 2132 sopitu’
754 2058 888 2132 quietest.
1089 2056 1093 2063 '
1182 2052 1186 2059 '

184 2150 313 2225 denique
328 2150 530 2208 Democritum
545 2158 700 2224 postquam
715 2158 827 2206 matura
840 2155 967 2204 vetustas

143 2228 146 2233 ¹
183 2240 337 2299 admonuit
350 2258 496 2298 memores
510 2249 606 2297 motus
621 2239 806 2313 languescere
822 2238 936 2309 mentis,
1028 2257 1090 2304 1040

184 2342 289 2406 sponte
304 2349 356 2388 sua
369 2332 428 2388 leto
443 2340 531 2405 capnt
544 2329 646 2387 obvius
660 2329 764 2403 optulit
779 2329 850 2403 ipse.

183 2421 246 2496 ipse
262 2422 405 2496 Epicurus
420 2420 482 2478 obit
495 2420 619 2477 decurso
632 2419 741 2476 lumine
755 2420 839 2489 vitae,

184 2512 235 2587 qui
248 2529 341 2586 genus
355 2512 515 2568 humanunl
529 2509 647 2584 ingenio
661 2510 804 2584 superavit
818 2518 847 2565 et
861 2507 955 2564 omnis

183 2602 341 2673 restincxit,
355 2602 581 2665 stellasexortus
595 2609 627 2657 ut
641 2599 784 2657 aetherius
799 2599 852 2657 sol.
1039 2586 1044 2595 ’

183 2702 214 2750 tu
229 2711 299 2751 vero
313 2691 459 2750 dubitabis
474 2701 504 2749 et
517 2690 707 2765 indignabere
722 2691 824 2747 obire?
1024 2705 1086 2757 1045

184 2792 298 2840 mortua
311 2783 359 2840 cui
372 2783 431 2840 vita
445 2790 489 2839 est
503 2798 595 2857 prope
610 2780 668 2837 iam
683 2781 749 2838 vivo
765 2790 852 2854 atque
866 2777 985 2849 videnti,

184 2873 236 2947 qui
248 2891 353 2931 somno
367 2883 480 2947 partem
494 2872 635 2929 maiorem
648 2871 776 2927 conteris
790 2870 854 2927 aevi

184 2971 215 3021 et
227 2962 347 3037 vigilans
361 2962 453 3020 stertis
467 2980 524 3018 nec
538 2961 651 3019 somnia
666 2978 784 3017 cernere
800 2977 895 3017 cessas

183 3051 393 3126 sollicitamque
407 3051 482 3127 geris
496 3070 578 3108 cassa
591 3050 747 3108 formidine
762 3060 892 3107 mentem

182 3158 241 3201 nee
253 3141 378 3217 reperire
392 3150 477 3215 potes
491 3141 543 3198 tibi
558 3139 630 3214 quid
644 3141 679 3198 sit
693 3157 781 3215 saepe
796 3140 872 3211 mali,
888 3157 957 3196 curn
1025 3160 1088 3213 1050

183 3231 280 3291 ebrius
292 3231 401 3308 urgeris
415 3230 512 3289 multis
526 3231 613 3288 miser
625 3229 757 3305 undique
772 3229 848 3287 curis

182 3330 270 3397 atque
284 3323 372 3380 animi
386 3323 498 3380 incerto
513 3320 626 3378 fluitans
641 3338 736 3378 errore
749 3319 880 3395 vagaris!

221 3410 252 3471 Si
264 3422 385 3488 possent
398 3412 542 3484 homines,
555 3410 680 3486 proinde
693 3429 729 3468 ac
743 3411 848 3468 sentire
863 3409 891 3466 vi
952 3417 998 3479 tur

107 3520 311 3632 ama,
628 3514 644 3570 ⁷
