2498 3894
160 217 225 289 tn]
400 219 456 271 nn
481 217 627 271 RERUM
655 216 827 271 NATURA
1003 214 1059 260 111
1163 200 1176 227 ¹

198 380 265 438 Nec
278 388 378 437 tamen
390 378 439 436 hic
454 379 554 436 oculos
569 379 625 435 falli
640 378 829 437 concedimus
844 376 935 438 hilum

156 487 227 528 nam
240 487 369 545 quocum
391 487 428 527 ue
442 469 510 526 loco
524 470 560 526 sit
574 470 723 543 iuratque
738 470 841 527 umbra
853 472 929 529 tueri
1015 479 1065 542 380

157 559 272 618 illorum
285 569 329 617 est
339 580 348 632 3
363 489 468 616 §mem
482 577 552 617 vero
567 559 624 617 sint
637 559 747 617 lumina
760 578 865 632 necne,

158 650 318 723 umbraque
332 667 408 724 quae
423 649 476 706 fuit
490 649 539 706 hic
553 649 659 706 eadem
673 668 754 707 nunc
768 659 895 709 transeat
908 651 985 725 illuc,

158 757 197 798 an
211 740 309 815 potius
323 739 373 796 fiat
386 740 474 814 paulo
488 737 570 813 quod
584 739 710 798 diximus
724 750 802 813 ante,

159 829 216 888 hoc
231 828 320 886 animi
335 829 457 887 demum
470 829 544 886 ratio
559 829 724 889 discernere
739 831 838 903 debet,

158 937 215 976 nec
230 929 353 994 possunt
367 919 446 977 oculi
460 929 593 977 naturam
607 940 728 979 noscere
742 940 847 979 rerum.
1016 928 1065 994 383

159 1007 284 1084 proinde
299 1009 388 1066 animi
401 1010 503 1068 vitium
518 1010 575 1068 hoc
590 1013 682 1069 oculis
697 1011 844 1086 adfingere
860 1011 929 1070 noli.

159 1117 219 1174 qua
231 1099 364 1157 vehimur
376 1101 452 1171 navi,
467 1101 563 1172 fertur,
579 1120 647 1159 cum
661 1112 736 1160 stare
750 1102 867 1159 videtur
875 1121 885 1175 ,·

160 1207 236 1264 quae
250 1200 350 1248 manet
363 1190 392 1248 in
408 1191 539 1262 statione,
555 1209 590 1249 ea
603 1202 717 1266 praeter
731 1191 856 1249 creditur
869 1192 919 1250 ire.

160 1289 190 1338 et
203 1280 303 1356 fugere
319 1279 358 1338 ad
372 1283 494 1356 puppim
509 1283 597 1339 colles
612 1282 766 1356 campique
781 1281 916 1339 videntur

160 1387 235 1444 quos
249 1372 360 1446 agimus
375 1381 488 1446 praeter
503 1390 608 1429 navem
622 1373 750 1446 velisque
766 1373 908 1429 volamus.
1017 1392 1066 1444 390

161 1460 256 1519 sidera
269 1479 381 1518 cessare
396 1462 531 1520 aetheriis
546 1461 642 1519 adfixa
656 1463 787 1519 cavernis

161 1559 268 1608 cuncta
280 1551 422 1623 videntur,
438 1562 468 1609 et
481 1551 605 1609 adsiduo
620 1561 687 1609 sunt
701 1553 801 1609 omnia
815 1561 907 1625 motu,

162 1640 403 1716 quandoquidem
416 1642 519 1716 longos
534 1643 630 1700 obitus
644 1652 744 1700 exorta
757 1642 893 1713 revisunt,

161 1750 229 1789 cum
242 1749 398 1806 permensa
411 1750 464 1789 suo
480 1742 546 1789 sunt
561 1733 674 1790 caelum
688 1750 811 1806 corpore
826 1733 912 1790 claro.

162 1821 264 1895 solque
278 1822 340 1896 pari
353 1822 465 1880 ratione
480 1841 599 1880 manere
614 1833 644 1880 et
657 1823 726 1879 luna
740 1821 875 1880 videntur
1019 1840 1064 1892 395

161 1910 193 1970 in
206 1912 340 1983 statione,
356 1930 479 1986 eaquae
494 1912 560 1970 ferri
574 1931 620 1970 res
634 1912 744 1970 indicat
758 1913 829 1987 ipsa

162 2001 358 2076 exstantisque
373 2003 476 2077 procul
490 2002 589 2060 medio
603 2002 641 2060 de
656 2003 766 2077 gurgite
781 2001 888 2061 montis

162 2091 300 2150 classibus
314 2092 388 2149 inter
402 2110 477 2167 quos
490 2093 563 2149 liber
576 2102 657 2167 patet
671 2093 764 2150 exitus
780 2093 894 2167 ingens,

162 2180 256 2240 insula
269 2183 433 2240 coniunctis
447 2191 547 2240 tamen
561 2200 598 2239 ex
613 2182 656 2240 his
671 2201 730 2239 una
744 2181 868 2242 videtur.

162 2272 233 2329 atria
245 2273 352 2330 versari
368 2283 398 2330 et
412 2273 639 2330 circumcursare
654 2273 808 2330 columnae

161 2380 256 2436 usque
270 2361 347 2420 adeo
360 2363 393 2420 fit
406 2363 448 2420 uti
462 2363 558 2438 pueris
571 2362 733 2434 videantur,
748 2364 798 2420 ubi
813 2362 869 2438 ipsi

162 2452 312 2510 desierunt
324 2453 406 2526 verti,
420 2454 468 2510 vix
481 2453 585 2511 utiam
600 2452 719 2510 credere
734 2454 848 2529 possint

162 2560 222 2601 non
237 2561 324 2618 supra
337 2561 400 2601 sese
415 2561 497 2600 ruere
512 2543 611 2601 omnia
624 2552 702 2600 tecta
716 2543 827 2602 minari.
894 2576 896 2580 >

161 2633 279 2708 iamque
293 2633 412 2691 rubrum
425 2633 553 2691 tremulis
567 2634 651 2692 iubar
664 2634 779 2708 ignibus
793 2633 902 2708 erigere
917 2633 974 2690 alte

162 2740 230 2780 cum
245 2726 367 2799 coeptat·
380 2732 482 2781 natura
495 2741 640 2798 supraque
655 2724 792 2781 extollere
807 2733 931 2794 montes,
1019 2739 1066 2791 405

162 2831 237 2888 quos
251 2813 304 2870 tibi
316 2823 378 2871 tum
392 2831 480 2888 supra
493 2814 536 2871 sol
550 2814 657 2871 montis
672 2831 734 2871 esse
748 2812 864 2871 videtur

163 2902 329 2960 comminus
343 2903 405 2978 ipse
420 2922 473 2961 suo
488 2904 662 2977 contingens
676 2902 802 2961 fervidus
816 2903 887 2978 igni,

162 2993 212 3050 vix
224 2993 331 3051 absunt
343 2993 429 3051 nobis
444 2993 546 3050 missus
560 2994 605 3052 bis
619 2993 696 3051 mille
711 2994 841 3068 sagittae,

161 3083 211 3140 vix
223 3082 312 3141 etiam
326 3100 426 3140 cursus
440 3083 614 3158 quingentos
628 3101 716 3159 saepe
730 3083 840 3141 veruti:

163 3171 239 3231 inter
251 3188 304 3230 eos
317 3172 467 3247 solemque
482 3173 578 3230 iacent
592 3173 730 3231 immania
743 3175 827 3249 ponti
1019 3192 1068 3238 ,μα

162 3278 294 3338 aequora
306 3263 449 3321 substrata
461 3262 595 3320 aetheriis
609 3263 773 3338 ingentibus
787 3263 855 3335 oris,

162 3351 373 3428 interiectaque
387 3362 455 3411 sunt
468 3362 608 3410 terrarum
622 3353 701 3411 milia
712 3353 804 3412 multa

162 3459 240 3520 quae
253 3443 348 3504 variae
360 3444 487 3503 retinent
499 3453 601 3519 gentes
615 3453 645 3502 et
658 3444 754 3503 saecla
768 3444 901 3502 ferarum.

118 3582 338 3803 ssi-ed
368 3685 375 3694 .

101 3784 134 3829 d.
180 3778 297 3830 HJJ!
413 3768 424 3779 '¹
