2498 3894
131 233 197 304 vi]
365 236 421 288 na
447 235 594 289 RERUM
621 234 793 288 NATURA
969 236 1031 304 εις

129 395 199 454 inde
213 396 322 455 bonam
337 405 449 471 partem
463 397 493 454 in
507 397 616 454 lectum
631 414 763 454 maerore
778 395 931 456 dabantur.

128 504 185 543 nec
199 496 312 561 poterat
323 488 476 562 quisquam
487 488 613 562 reperiri,
624 505 713 561 quern
726 504 822 561 neque
834 490 953 548 morbus
970 507 1033 561 1250

127 594 184 634 nec
199 595 276 634 mors
290 594 346 634 nec
360 578 454 634 luctus
469 587 624 652 temptaret
638 585 771 651 tempore
787 577 845 635 tali.

168 667 321 723 Praeterea
334 667 392 723 iam
406 677 505 741 pastor
519 676 549 724 et
562 667 752 724 armentarius
767 667 862 725 omnis

128 764 158 812 et
170 755 305 813 robustus
320 757 390 813 item
406 757 484 813 curvi
499 756 666 813 moderator
680 756 766 813 aratri

126 845 290 919 languebat,
306 847 480 921 penitusque
495 865 563 903 casa
578 855 714 903 contrusa
728 847 862 904 iacebant

126 952 250 1008 corpora
262 946 433 1010 ¹paupertate
449 945 478 993 et
492 935 595 994 morbo
611 934 712 992 dedita
726 937 820 994 morti.
970 955 1013 1009 125
1016 956 1030 1010 5

126 1025 264 1083 exanimis
279 1027 375 1101 pueris
390 1044 478 1100 super
492 1025 656 1082 exanimata
670 1036 823 1100 parentum

125 1132 249 1189 corpora
262 1134 485 1189 nonnumquam
500 1133 601 1189 posses
615 1124 751 1189 retroque
765 1115 864 1173 videre

124 1205 263 1263 matribus
278 1216 307 1262 et
321 1206 450 1280 patribus
465 1214 549 1263 natos
564 1223 651 1279 super
666 1205 755 1262 edere
769 1206 869 1262 vitam.
925 1202 926 1206 ’

124 1311 180 1351 nec
195 1295 345 1352 minimam
359 1305 473 1370 partem
491 1313 528 1352 ex
541 1296 616 1369 agris
631 1296 654 1353 is
669 1313 784 1352 maeror
799 1295 828 1352 in
842 1294 945 1353 urbem

124 1384 272 1456 confluxit,
288 1385 428 1460 languens
444 1403 533 1459 quem
547 1384 671 1442 contulit
685 1384 875 1459 agricolarum
965 1392 1030 1443 1260

123 1475 210 1548 copia
224 1476 401 1532 conveniens
417 1494 453 1532 ex
467 1475 548 1534 omni
562 1474 697 1533 morbida
711 1485 800 1550 parte.

124 1565 223 1622 omnia
237 1566 415 1640 conplebant
429 1566 496 1625 loca
510 1574 647 1640 tectaque
658 1585 667 1638 ;
683 1583 743 1640 quo
759 1565 850 1640 magis
866 1573 962 1624 aestus

122 1746 268 1803 confertos
283 1745 322 1803 ita
336 1746 491 1803 acervatim
506 1764 584 1803 mors
598 1744 809 1803 accumulabat.

121 1835 212 1893 multa
225 1836 270 1894 siti
284 1846 430 1910 protracta
442 1837 519 1893 viam
532 1854 586 1910 per
599 1853 712 1910 proque
727 1835 825 1893 voluta

122 1944 245 2000 corpora
258 1928 362 1984 silanos
377 1926 415 1982 ad
430 1945 569 2000 aquarum
584 1935 671 1983 strata
685 1926 821 1982 iacebant
963 1932 1024 1998 1265

121 2015 275 2072 interclusa
289 2016 386 2072 anima
399 2016 489 2072 nimia
502 2016 539 2073 ab
554 2014 710 2072 dulcedine
725 2032 875 2088 aquarum,

121 2104 269 2178 multaque
284 2123 337 2179 per
350 2106 451 2179 populi
465 2105 573 2179 passim
587 2106 653 2161 loca
666 2113 803 2179 prompta
815 2105 937 2178 viasque

121 2193 257 2267 languida
271 2195 433 2252 semanimo
448 2213 516 2251 cunr
532 2211 655 2269 corpore
671 2194 803 2251 membra
816 2193 931 2253 videres

120 2282 237 2340 horn'da
250 2283 378 2357 paedore
394 2294 423 2341 et
436 2284 539 2356 pannis
554 2292 694 2357 cooperta
708 2283 802 2357 perire
924 2291 927 2296 '

120 2374 250 2446 corporis
265 2373 380 2443 inluvie,
396 2374 463 2446 pelli
478 2391 565 2447 super
579 2373 692 2430 ossibus
707 2390 775 2444 una,
912 2401 917 2412 ·
960 2393 1024 2441 1270

119 2463 263 2521 ulceribus
279 2464 374 2521 taetris
389 2481 481 2537 prope
497 2464 555 2519 iam
569 2462 707 2536 sordique
721 2463 844 2536 sepulta.

119 2554 219 2610 omnia
233 2553 361 2627 denique
376 2563 477 2610 sancta
492 2552 582 2610 deum
597 2552 717 2610 delubra
731 2552 855 2626 replerat

119 2645 288 2718 corporibus
303 2661 380 2701 mors
395 2643 534 2701 exanimis
549 2652 726 2717 onerataque
741 2642 850 2718 passim

118 2743 225 2791 cuncta
239 2733 426 2791 cadaveribus
440 2733 599 2792 caelestum
613 2732 723 2808 templa
736 2732 903 2805 manebant,

118 2823 280 2898 hospitibus
293 2823 360 2881 loca
374 2842 449 2898 quae
464 2824 645 2899 complerant
659 2822 851 2881 aedituentes.
959 2841 1020 2895 1²⁷5

91 2934 93 2937 ¹
117 2931 174 2969 nec
189 2913 245 2970 iam
259 2914 359 2988 religio
374 2913 473 2971 divom
487 2932 543 2970 nec
557 2913 678 2971 numina
692 2912 791 2988 magni

117 3001 321 3077 pendebantur
334 3004 412 3060 enim
425 3025 431 3061 :
453 3020 591 3078 praesens
605 3002 689 3061 dolor
702 3002 901 3077 exsuperabat.

117 3110 174 3149 nec
189 3111 252 3150 mos
267 3093 312 3150 ille
327 3094 491 3168 sepulturae
505 3094 674 3152 remanebat
688 3093 718 3150 in
732 3093 813 3164 urbe,

118 3199 178 3256 quo
192 3183 256 3256 pius
270 3182 317 3240 hic
331 3184 457 3258 populus
471 3201 587 3258 semper
601 3192 755 3240 consuerat
768 3182 899 3255 humari;

117 3272 300 3346 perturbatus
315 3274 392 3330 enim
407 3283 485 3330 totus
499 3271 672 3347 trepidabat,
687 3282 717 3330 et
730 3291 805 3330 unus
957 3279 1020 3328 1280

119 3362 242 3438 quisque
257 3381 342 3421 suum
356 3380 409 3438 pro
423 3381 454 3421 re
468 3363 614 3437 praesenti
627 3371 754 3421 maestus
768 3362 915 3420 humabat.
