2498 3894
118 240 180 302 208
451 247 684 302 LUCRETIUS
953 243 1017 316 [VI.

116 412 148 469 in
162 428 285 468 vacuum
299 408 434 484 prolapsa
447 405 558 465 cadunt
571 406 737 477 coniuncta,
751 405 785 462 tit
798 414 889 481 utque

118 501 220 568 anulus
235 501 297 575 ipse
311 508 449 574 sequatur
462 507 568 571 eatque
582 497 623 554 ita
636 513 759 571 corpore
775 505 848 554 toto.

118 609 175 649 nec
189 608 235 648 res
248 589 306 646 ulla
319 588 410 664 magis
424 587 598 663 primoribus
613 605 650 644 ex
664 587 815 644 elementis

118 678 293 754 indupedita
306 678 365 736 suis
379 688 439 736 arte
453 694 567 736 conexa
581 677 719 734 cohaeret
960 696 1025 732 1010

117 789 205 845 quam
220 768 307 826 validi
320 768 386 825 ferri
399 778 501 825 natura
514 777 544 824 et
557 766 677 841 frigidus
691 766 801 824 horror.

117 878 177 934 quo
192 859 287 916 minus
302 868 346 915 est
359 858 473 928 mirum,
489 855 571 930 quod
586 856 664 928 dicu,
679 856 743 913 ibus
758 874 795 913 ex
809 856 970 929 elementis,

117 967 241 1023 corpora
255 949 279 1006 si
293 957 444 1022 nequeunt
458 964 474 1004 e
489 934 564 1004 ferro
578 947 660 1020 plura
673 956 776 1003 coorta
803 1019 806 1023 Ι

116 1039 148 1097 in
160 1057 286 1096 vacuum
300 1038 374 1108 ferri,
389 1037 460 1112 quin
474 1037 577 1094 anulus
591 1037 653 1111 ipse
668 1045 823 1110 sequatu13

117 1128 201 1204 quod
215 1129 292 1200 facit,
308 1138 337 1186 et
352 1128 489 1202 sequitur,
504 1125 601 1184 donec
616 1123 747 1200 peruenit
761 1125 800 1184 ad
815 1126 911 1201 ipsum
960 1144 1022 1197 1015

117 1218 176 1277 iam
189 1218 316 1293 lapidem
331 1219 484 1291 caecisque
499 1217 529 1274 in
544 1235 580 1274 eo
595 1217 786 1292 compagibus
801 1217 902 1274 haesit.

118 1307 177 1367 hoc
190 1309 223 1366 fit
237 1308 317 1365 idem
332 1317 451 1364 cunctas
466 1306 496 1363 in
509 1307 607 1381 partiS,
622 1306 704 1364 unde·
716 1307 822 1364 vacefit

118 1416 247 1473 cumque
261 1402 353 1469 locus,
368 1398 427 1454 sive
442 1414 458 1453 e
473 1405 634 1453 transverso
649 1397 709 1454 sive
724 1413 850 1471 superne

118 1507 245 1564 corpora
258 1488 397 1546 continuo
412 1487 442 1543 in
456 1504 580 1544 vacuum
594 1486 690 1543 vicina
704 1487 843 1544 seruntur.

119 1579 229 1653 quippe
245 1578 388 1652 agitantur
401 1576 480 1633 enim
494 1577 585 1651 plagis
600 1575 717 1633 aliunde
731 1594 788 1633 nec
802 1576 865 1650 ipsa
961 1596 1025 1632 1020

119 1678 225 1742 sponte
240 1685 292 1725 sua
305 1685 417 1725 sursum
431 1676 554 1740 possunt
569 1683 744 1740 consurgere
759 1667 787 1723 in
803 1683 895 1723 auras.

119 1757 177 1816 huc
191 1757 307 1815 accedit
321 1757 391 1814 item
411 1756 514 1830 (quare
529 1765 617 1830 queat
631 1755 663 1813 id
677 1756 768 1830 magis
783 1773 856 1826 esse,

120 1847 193 1905 haec
207 1865 326 1922 quoque
340 1864 385 1903 res
400 1845 570 1903 adiumento
585 1857 726 1920 motuque
741 1846 866 1921 iuvatur)

120 1936 211 2012 quod,
226 1937 310 1994 simul
325 1955 342 1993 a
355 1937 449 1993 fronte
464 1945 508 1993 est
522 1936 607 1992 anelli
622 1919 710 1993 rarior
723 1938 773 1994 aer

120 2029 213 2085 factus
228 2027 411 2099 inanitusque
425 2027 507 2083 locus
521 2026 613 2100 magis
627 2044 662 2082 ac
676 2035 824 2096 vacuatus,
962 2043 1023 2097 1025

121 2118 261 2175 continuo
276 2117 309 2173 fit
322 2117 363 2173 uti
378 2117 428 2189 qui
443 2126 509 2191 post
525 2127 568 2173 est
582 2133 709 2189 cumque
724 2117 835 2173 locatus

121 2209 170 2266 aer
184 2227 202 2264 a
215 2218 296 2281 tergo
312 2208 393 2280 quasi
408 2207 548 2281 provehat
562 2216 649 2280 atque
664 2207 814 2281 propellat.

121 2315 238 2372 semper
252 2298 329 2353 enim
345 2298 567 2370 circumpositus
581 2314 626 2352 res
640 2297 771 2353 verberat
786 2297 853 2367 aem

121 2387 175 2446 sed
190 2388 238 2445 tali
253 2389 285 2443 fit
299 2387 339 2443 uti
355 2387 496 2461 propellat
511 2397 642 2460 tempore
658 2387 772 2456 ferrum,

121 2486 202 2553 parte
218 2476 298 2550 quod
313 2495 349 2533 ex
363 2495 421 2533 una
435 2478 560 2550 spatium
575 2486 657 2532 vacat
672 2488 701 2534 et
715 2482 793 2550 capit
808 2477 837 2532 in
852 2493 891 2532 se.
963 2494 1026 2544 1030

121 2566 180 2639 hic,
194 2567 246 2624 tibi
261 2585 349 2640 quem
365 2584 506 2636 memor0,
523 2584 575 2640 per
589 2566 690 2623 crebra
704 2567 845 2623 foramina
859 2563 925 2621 serri

121 2675 223 2731 parvas
238 2655 276 2712 ad
291 2660 378 2729 partis
392 2656 531 2713 subtiliter
545 2656 704 2712 insinuatus

121 2746 212 2803 trudit
227 2756 255 2803 et
269 2746 387 2819 inpellit,
403 2746 484 2819 quasi
499 2763 603 2802 navem
618 2746 738 2819 velaque
753 2754 865 2802 ventus.

123 2835 251 2908 denique
265 2854 311 2892 res
326 2853 428 2892 omnes
443 2834 553 2892 debent
568 2836 596 2891 in
611 2853 733 2909 corpore
749 2835 856 2892 habere

124 2930 199 2995 aera,
214 2923 455 2999 quandoquidem
469 2943 533 2981 raro
548 2935 614 2981 suut
628 2942 751 2999 corpore
766 2935 796 2981 et
809 2926 859 2982 a'er
963 2943 1024 2996 ¹035

124 3016 259 3073 omnibus
274 3023 317 3072 est
331 3015 416 3071 rebus
431 3014 626 3072 circumdatus
642 3015 861 3089 adpositusque.

125 3104 172 3161 hic
187 3105 280 3178 igitur,
296 3106 410 3178 penitus
425 3105 475 3178 qui
490 3105 519 3160 in
533 3105 635 3161 ferrost
649 3105 765 3161 abditus
779 3106 836 3175 aer,

125 3195 248 3252 sollicito
262 3203 343 3251 motu
358 3212 474 3268 semper
489 3196 609 3251 iactatur
623 3212 718 3268 eoque

125 3285 255 3342 verberat
269 3285 394 3342 anellum
409 3283 499 3341 dubio
514 3285 615 3357 procul
629 3293 658 3340 et
673 3282 730 3340 ciet
743 3284 819 3340 intus

126 3374 253 3433 scilicet:
277 3375 322 3432 ille
340 3373 447 3431 eodem
462 3376 549 3430 fertur
562 3392 622 3448 quo
636 3373 836 3450 praecipitavit
965 3392 1026 3441 1040

126 3463 184 3522 iarn
199 3465 289 3523 semel
304 3473 333 3521 et
347 3474 458 3540 partem
473 3465 503 3521 in
516 3482 639 3522 vacuam
652 3463 808 3523 conamina
822 3465 952 3539 sumpsit.
