2498 3894
1 1641 69 1760 ‘k

162 271 201 318 10
476 265 706 322 LUCRETIUS

157 430 188 487 in
202 446 304 504 parvas
318 427 402 503 igitur
415 420 504 504 partis
518 426 691 502 dispergitur
704 445 789 486 umor

157 537 229 593 quas
244 519 322 577 oculi
335 518 414 575 nulla
427 527 549 592 possunt
563 518 674 574 ratione
688 516 796 576 videre.

157 610 228 683 quin
242 610 330 667 etiam
345 608 440 665 multis
455 607 522 664 solis
535 606 724 665 redeuntibus
738 607 821 666 annis

157 700 259 756 anulus
273 700 304 756 in
318 699 409 774 digito
424 699 523 754 subter
536 707 672 754 tenuatur
682 697 833 768 habend0‚

156 791 272 849 stilicidi
287 811 370 850 casus
385 790 513 866 lapidem
528 799 620 860 cavat,
636 807 728 849 uncus
743 791 828 847 aratri

155 872 264 939 ferreus
279 882 394 940 occulte
409 880 553 938 decrescit
566 897 668 937 vomer
682 881 712 936 in
726 880 809 950 arvis,

155 981 300 1045 strataque
314 973 372 1028 iam
385 971 462 1046 volgi
476 970 601 1045 pedibus
615 969 719 1049 detrita
731 970 842 1027 viarum
1014 989 1061 1042 315

155 1080 241 1119 saxea
255 1062 450 1136 conspicimus
461 1081 470 1133 3
491 1070 553 1117 tum
568 1043 665 1134 portas
679 1052 798 1134 propter
811 1059 885 1117 aena

155 1127 237 1226 sidua
252 1170 354 1208 manus
368 1151 484 1209 dextras
498 1150 657 1209 ostendunt
671 1149 822 1207 adtenuari

154 1259 242 1315 saepe
257 1228 524 1299 salutantum'drctu
539 1251 712 1316 praeterque
728 1247 886 1297 meantum.

154 1331 228 1389 haec
242 1332 328 1406 igitur
342 1333 441 1402 minui,
457 1350 524 1388 cum
540 1332 597 1388 sint
610 1330 724 1401 detrita,
739 1328 882 1387 videmus,

79 1460 87 1478 r
153 1422 206 1479 sed
221 1418 435 1496 quae'corpora
448 1420 596 1478 decedant
609 1421 639 1478 in
653 1431 787 1494 tempore
802 1437 931 1494 quoque,
1013 1439 1062 1490 320

136 1511 251 1610 'invida
265 1512 420 1586 praeclusit
433 1481 563 1586 spddiem
577 1521 680 1568 natura
693 1510 821 1568 videndi.

153 1611 303 1677 postremo
318 1619 522 1675 quaecumque
534 1601 597 1658 dies
611 1611 771 1675 naturaque
785 1594 873 1658 rebus

153 1692 290 1766 paulatim
306 1692 412 1762 tribuit,
428 1690 602 1748 moderatim
618 1709 750 1748 crescere
765 1709 887 1766 cogens,
1059 1736 1064 1756 .

152 1783 230 1838 nulla
242 1791 340 1855 potest
354 1782 506 1839 oculorum
520 1782 598 1838 acies
613 1766 753 1838 contdrta
768 1782 860 1852 tueri3
946 1758 1149 1851 mad

0 1891 6 1907 ·
29 1873 124 1950 ,04⁸⁰-
152 1889 208 1928 nec
221 1889 308 1975 popo
323 1889 526 1945 quaecumque
540 1889 613 1928 aevo
627 1872 781 1944 macieque
797 1881 963 1941 senescunt,
1012 1857 1108 1945 32ςῖ
1131 1912 1149 1948 Α

41 1954 54 1993 r
92 1988 94 1992 .

152 1979 216 2031 nee,
232 1965 311 2018 m'are
326 1980 400 2034 quae
416 1959 587 2036 inpendent,
602 1948 690 2018 vesdo
705 1961 764 2018 sale
779 1980 847 2019 saxa
860 1979 964 2035 peresa
1020 2037 1022 2041 ,

152 2050 224 2124 quid
238 2070 355 2125 quoque
370 2053 504 2108 amittant
517 2052 547 2108 in
562 2061 694 2124 tempore
709 2070 829 2110 cernere
842 2053 945 2126 possis,

193 2234 259 2290 Nec
273 2242 372 2289 tamen
386 2232 516 2307 undique
532 2226 673 2307 corporea*
687 2233 792 2307 stipata
805 2242 942 2291 tenentur

1022 2009 1083 2068 ἢκ
1094 2029 1149 2067 ενι

55 2131 70 2174 f
152 2142 321 2215 corporibus
337 2143 431 2198 caecis
445 2142 530 2215 igitur
544 2151 645 2198 natura
659 2125 732 2216 ge‘rit
745 2160 800 2199 res,

970 2143 1149 2326 llus

1010 2341 1042 2392 33

56 2313 61 2323 ⁸
151 2323 250 2382 omnia
264 2306 383 2394 naturd;
404 2341 532 2396 namque
547 2331 590 2379 est
604 2323 634 2379 in
648 2322 734 2379 rebus
748 2323 845 2380 inane.

47 2433 56 2447 ·
151 2412 232 2488 quod
247 2414 299 2470 tibi
312 2430 455 2487 cognosse
471 2413 501 2469 in
515 2412 611 2469 multis
626 2413 678 2469 erit
692 2413 760 2469 utile
775 2389 861 2470 rebils
928 2343 1149 2538 ψ

150 2522 206 2561 nec
221 2505 295 2560 sinet
309 2512 452 2560 errantem
467 2501 599 2559 dubitare
614 2511 644 2558 et
658 2520 796 2575 quaerere
811 2519 929 2576 semper

21 2649 27 2674 ‚
66 2607 83 2625 ³
150 2593 188 2651 de
204 2612 317 2652 summa
330 2611 425 2650 rerum
441 2602 470 2649 et
484 2592 588 2649 nostris
604 2591 736 2665 diffidere
752 2591 846 2650 dictis.

101 2696 106 2716 ⁸
152 2681 344 2760 [quapropter
358 2685 439 2740 locus
454 2693 497 2739 est
511 2683 636 2739 intactus
651 2683 735 2739 inane
749 2679 943 2758 vacansque]

40 2818 49 2836 ,
150 2773 266 2847 quodsi
279 2791 340 2829 non
354 2781 438 2843 esset,
454 2772 531 2828 nulla
544 2772 654 2828 ratione
669 2772 781 2829 moveri
1010 2788 1057 2840 335

41 2918 46 2930 ,
149 2881 195 2920 res
209 2872 347 2937 possent,·
370 2881 496 2936 namque
511 2840 641 2919 officidm
655 2862 740 2935 quod·
749 2859 880 2937 'corporis
896 2870 998 2932 exstat,

150 2952 268 3009 officere
284 2961 371 3024 atque
386 2952 510 3022 obstare,
526 2951 557 3007 id
572 2953 601 3008 in
616 2953 843 3026 omnitempore
858 2950 974 3008 adesset

150 3042 305 3114 omnibus3
328 3040 407 3097 haud
422 3042 506 3114 igitur
517 3042 677 3115 quicquam
691 3041 852 3116 procedere
867 3050 976 3115 posset,

150 3133 325 3206 principium
339 3132 479 3205 quoniam
494 3131 621 3188 cedendi
635 3132 714 3189 nulla
728 3131 810 3189 daret
824 3150 879 3189 res

150 3233 179 3281 at
193 3243 271 3280 nunc
285 3241 337 3297 per
351 3223 441 3279 maria
453 3240 488 3278 ac
503 3232 591 3279 terras
606 3223 787 3297 sublimaque
801 3222 875 3280 caeli
1008 3242 1058 3293 340

151 3315 240 3370 multa
254 3314 348 3371 modis
363 3313 458 3369 multis
472 3312 550 3369 varia
563 3314 674 3370 ratione
689 3313 800 3371 moveri

150 3405 294 3461 cernimus
308 3412 374 3460 ante
390 3402 500 3472 oculos,
516 3421 601 3476 quae,
616 3404 640 3459 si
654 3421 715 3460 non
729 3412 806 3461 esset
819 3403 915 3475 inane,
1102 3398 1113 3425 *

150 3517 211 3557 non
224 3473 284 3556 dm
298 3500 420 3558 sollicito
435 3507 517 3556 motu
531 3499 642 3574 privata
655 3509 788 3557 carerent
