2498 3894
110 175 149 244 1.]
191 159 198 194 ³
347 175 402 226 nr:
428 174 575 227 RERUM
602 175 774 227 NATURA
969 176 1007 239 23

107 343 194 434 atque
209 333 240 390 in
255 350 303 390 eas
317 351 427 389 rursum
442 351 488 389 res
503 332 601 390 omnia
615 331 821 405 dissoluuntur,

107 423 238 497 quimag
239 423 261 480 is
276 422 447 496 illaqueant
461 440 555 479 rerum
570 420 803 496 primordiadici
761 427 993 570 &76

107 531 195 587 quarn
207 523 276 569 cont
277 531 309 568 ra
322 531 367 570 res
382 513 643 660 illorunqretroque
658 513 774 587 putari?
905 472 1212 656 61116447

107 603 223 660 alternis
237 603 393 678 gignuntur
408 621 486 659 emm
501 613 672 676 mutantque
687 603 817 661 colorem
956 658 963 669 s
885 529 1115 710 8524(

107 704 136 751 et
150 704 240 752 totam
255 694 330 750 inter
344 711 374 750 se
388 704 439 750 nat
440 712 521 749 uram
536 703 668 767 tempore
683 694 720 752 ab
735 695 824 753 omni.
885 616 1000 764 μή
1126 691 1134 711 ·

106 785 150 842 sin
165 785 185 841 it
186 803 203 840 a
174 784 356 841 ttforte
304 794 356 857 put
357 801 388 840 as
402 784 475 858 ignis
490 793 641 857 terraeque
656 785 734 841 coire

106 892 211 948 corpus
226 883 256 931 et
270 873 361 931 aerias
375 892 458 930 auras
473 891 628 948 roremque
643 875 769 949 liquoris,

105 964 146 1021 nil
160 965 188 1021 in
203 964 329 1022 concilio
343 952 474 1021 natuiam
490 972 522 1020 ut
535 973 628 1022 mutet
642 983 752 1037 eorum,

105 1054 182 1111 nulla
196 1054 248 1111 tibi
262 1055 365 1111 exiliis
379 1054 487 1128 poterit
500 1071 545 1112 res
560 1073 623 1113 esse
637 1066 744 1126 ereata,

105 1163 166 1203 non
180 1145 227 1201 ani
298 1163 320 1216 s,
335 1163 375 1202 no
408 1144 543 1203 exanimo
558 1164 626 1203 cum
640 1165 773 1220 corpore,
788 1155 820 1203 ut
834 1146 938 1218 arbos3
983 1115 1046 1208 ff·

106 1236 215 1310 quippe
230 1253 313 1293 suam
328 1163 454 1308 quidue
469 1235 500 1292 in
514 1246 601 1293 coetu
615 1237 750 1294 variantis
764 1238 859 1294 acervi
961 1255 1006 1306 775

105 1335 236 1382 naturam
251 1323 388 1382 ostendet
402 1326 566 1400 mixtusque
580 1325 647 1384 vide
670 1327 725 1383 itur
739 1326 787 1384 aer

106 1434 174 1473 cum
189 1425 263 1472 terra
277 1415 361 1473 simul
375 1424 463 1490 atque
478 1416 564 1474 ardor
577 1435 644 1474 cum
658 1435 723 1474 rore
738 1425 864 1475 manere.

105 1504 307 1580 atprimordia
320 1506 497 1581 gignundis
489 1526 519 1564 m
533 1507 619 1564 rebus
633 1516 750 1581 oportet

105 1605 237 1653 naturam
252 1596 391 1655 clandest'
372 1606 461 1655 tmam
476 1615 655 1672 caecamque
670 1596 889 1671 adhibere,‘
855 1570 932 1647 δ’(

106 1687 235 1744 emineat
245 1687 356 1762 nequid
371 1687 453 1762 quod
467 1696 569 1744 contra
582 1698 693 1762 pugnet
707 1697 737 1745 et
750 1687 847 1745 obstet
962 1638 1058 1753 785!
1110 1726 1172 1807 ἡ

106 1778 261 1852 quominus
276 1796 339 1836 esse
353 1788 442 1852 queat
454 1777 796 1880 propriejquodcumque
811 1787 889 1835 creat
890 1796 932 1836 ur.
987 1725 1105 1830 OM

10 1888 80 1941 ms
147 1869 227 1942 Quin
241 1878 270 1926 et
272 1869 328 1926 iam
342 1842 586 1943 reddtuntl
491 1887 509 1924 a
522 1866 605 1925 caelo
620 1879 707 1970 atque
723 1868 877 1942 ignibus
852 1887 927 1960 erus!
1024 1864 1105 1947 ΜΛ
1126 1801 1221 1927 aas

10 1966 52 2050 Γ
106 1968 136 2016 et
148 1978 273 2034 primum
287 1958 416 2017 faciunt
409 1976 506 2034 ignem
521 1976 552 2015 se
566 1968 676 2015 vertere
691 1958 722 2015 in
736 1977 818 2016 auras
960 1961 998 2073 ,ξ
1020 2013 1088 2056 ‘m
1108 1958 1246 2035 01..ηῆ

24 2032 46 2095 .⁴
105 2050 187 2121 aeriS,
203 2026 271 2107 hide
285 2050 407 2107 imbrem
421 2019 677 2133 gignisterramque
692 2049 783 2106 creari
817 2029 1069 2146 qmssssfi„

10 2124 70 2157 μ’
106 2158 142 2197 ex
156 2139 446 2242 imbrqrenoqueat
448 2157 510 2196 erra
524 2149 631 2197 cuncta
644 2139 758 2211 reverti,
961 2147 1006 2209 785
980 2053 1180 2232 &st

105 2249 237 2288 umorem
252 2248 386 2304 pnmum‚
402 2239 470 2304 post
483 2229 558 2299 aera,
573 2229 683 2287 deinde
698 2230 835 2301 calorem,

105 2338 162 2378 nee
177 2338 288 2378 cessare
303 2319 376 2377 haec
391 2321 466 2377 inter
480 2337 510 2376 se
522 2329 644 2390 mutare,
659 2339 756 2378 meare

105 2430 123 2468 a
137 2410 220 2468 caelo
234 2410 272 2468 ad
286 2420 400 2480 terram,
415 2409 454 2468 de
468 2418 543 2468 terra
557 2410 596 2468 ad
610 2411 705 2469 sidera
719 2409 831 2468 mundi.

105 2500 187 2577 quod
202 2501 296 2558 facere
311 2499 389 2558 haud
404 2501 462 2559 ullo
476 2500 587 2560 debent
600 2500 759 2575 primordia
772 2511 879 2576 pacto;

105 2591 284 2649 immutabile
299 2591 378 2648 enim
393 2590 534 2664 quiddam
548 2609 683 2666 superare
697 2601 856 2663 necessest,
961 2613 1009 2664 790

104 2699 142 2738 ne
157 2700 202 2739 res
217 2680 255 2738 ad
269 2682 360 2738 nilum
374 2681 541 2756 redigantur
555 2680 683 2738 funditus
698 2700 810 2739 omnes.

105 2790 174 2829 nam
189 2771 398 2845 quodcumque
413 2771 472 2829 suis
486 2780 627 2828 mutatum
643 2772 748 2829 finibus
764 2772 832 2844 exit,
844 2766 871 2834 7(
974 2719 1065 2850 {70

105 2871 176 2919 cont
177 2863 246 2920 inuo
260 2863 319 2920 hoc
333 2880 410 2919 mors
425 2870 469 2919 est
481 2862 556 2934 iilius
571 2860 651 2934 quod
667 2862 719 2918 fuit
733 2872 807 2920 ante.

106 2961 284 3055 quapropter
298 2952 437 3026 quoniam
452 2923 527 3026 qude
542 2969 562 3025 p
581 2951 628 3009 ulo
644 2950 769 3009 diximus
783 2962 851 3010 aute

39 3104 43 3111 ,
106 3044 137 3101 in
152 3062 271 3100 commu
273 3053 365 3101 tatum
379 3042 509 3113 veniunt,
524 2970 657 3098 coditare
672 3052 820 3101 necessest

27 3174 60 3195 .·
106 3151 143 3190 ex
157 3133 218 3191 aliis
233 3151 268 3190 ea
269 3110 364 3206 ,qdae
378 3140 526 3205 nequeant
540 3110 851 3206 convertierusquam‚
950 3158 961 3172 =
1037 3139 1047 3160 ⁶

105 3222 210 3281 ntibi
223 3240 313 3280 reste
336 3231 404 3279 eant
418 3221 456 3278 ad
470 3222 560 3279 nilum
574 3221 669 3279 fundit
658 3232 704 3279 tus
717 3240 829 3280 omnes
892 3294 924 3394 ἃ

15 3241 177 3388 qiin
191 3313 288 3388 potius
342 3313 351 3369 1
365 3321 467 3370 natura
480 3311 613 3415 praedita
626 3312 772 3415 quaedam
