<?xml version="1.0" encoding="UTF-8"?>
<!DOCTYPE html PUBLIC "-//W3C//DTD XHTML 1.0 Transitional//EN"
    "http://www.w3.org/TR/xhtml1/DTD/xhtml1-transitional.dtd">
<html xmlns="http://www.w3.org/1999/xhtml" xml:lang="en" lang="en">
 <head>
  <title>
</title>
<meta http-equiv="Content-Type" content="text/html;charset=utf-8" />
  <meta name='ocr-system' content='tesseract 3.04.00' />
  <meta name='ocr-capabilities' content='ocr_page ocr_carea ocr_par ocr_line ocrx_word'/>
</head>
<body>
  <div class='ocr_page' id='page_1' title='image "./tlucreticarider00kelsgoog_0208.png"; bbox 0 0 2498 3894; ppageno 0'>
   <div class='ocr_carea' id='block_1_1' title="bbox 171 187 1073 258">
    <p class='ocr_par' dir='ltr' id='par_1_1' title="bbox 171 187 1073 258">
     <span class='ocr_line' id='line_1_1' title="bbox 171 187 1073 258; baseline -0.001 -17"><span class='ocrx_word' id='word_1_1' title='bbox 171 187 223 258; x_wconf 91' lang='lat' dir='ltr'>v.]</span> <span class='ocrx_word' id='word_1_2' title='bbox 412 188 467 241; x_wconf 79' lang='lat' dir='ltr'>oa</span> <span class='ocrx_word' id='word_1_3' title='bbox 493 189 640 242; x_wconf 80' lang='lat' dir='ltr'>RERUM</span> <span class='ocrx_word' id='word_1_4' title='bbox 667 190 840 243; x_wconf 82' lang='lat' dir='ltr'>NATURA</span> <span class='ocrx_word' id='word_1_5' title='bbox 1015 195 1073 258; x_wconf 87' lang='lat'>143</span> 
     </span>
    </p>
   </div>
   <div class='ocr_carea' id='block_1_2' title="bbox 160 346 1075 3480">
    <p class='ocr_par' dir='ltr' id='par_1_2' title="bbox 166 346 1075 783">
     <span class='ocr_line' id='line_1_2' title="bbox 168 346 826 423; baseline 0.005 -20"><span class='ocrx_word' id='word_1_6' title='bbox 168 363 355 421; x_wconf 87' lang='lat' dir='ltr'>nequaquam</span> <span class='ocrx_word' id='word_1_7' title='bbox 369 346 453 405; x_wconf 91' lang='lat' dir='ltr'>nohis</span> <span class='ocrx_word' id='word_1_8' title='bbox 468 346 603 406; x_wconf 90' lang='lat' dir='ltr'>divinitus</span> <span class='ocrx_word' id='word_1_9' title='bbox 617 366 680 406; x_wconf 91' lang='lat' dir='ltr'>esse</span> <span class='ocrx_word' id='word_1_10' title='bbox 696 358 826 423; x_wconf 87' lang='lat' dir='ltr'>paratam</span> 
     </span>
     <span class='ocr_line' id='line_1_3' title="bbox 168 438 853 513; baseline 0.004 -20"><span class='ocrx_word' id='word_1_11' title='bbox 168 448 300 495; x_wconf 88' lang='lat' dir='ltr'>naturam</span> <span class='ocrx_word' id='word_1_12' title='bbox 313 456 428 494; x_wconf 88' lang='lat' dir='ltr'>rerum:</span> <span class='ocrx_word' id='word_1_13' title='bbox 452 447 530 495; x_wconf 90' lang='lat' dir='ltr'>tanta</span> <span class='ocrx_word' id='word_1_14' title='bbox 544 448 599 495; x_wconf 89' lang='lat' dir='ltr'>stat</span> <span class='ocrx_word' id='word_1_15' title='bbox 613 438 744 512; x_wconf 88' lang='lat' dir='ltr'>praedita</span> <span class='ocrx_word' id='word_1_16' title='bbox 758 440 853 513; x_wconf 89' lang='lat' dir='ltr'>culpa.</span> 
     </span>
     <span class='ocr_line' id='line_1_4' title="bbox 167 527 1075 603; baseline 0.008 -21"><span class='ocrx_word' id='word_1_17' title='bbox 167 527 310 601; x_wconf 89' lang='lat' dir='ltr'>principio</span> <span class='ocrx_word' id='word_1_18' title='bbox 326 530 467 600; x_wconf 86' lang='lat' dir='ltr'>quantum</span> <span class='ocrx_word' id='word_1_19' title='bbox 482 528 554 584; x_wconf 88' lang='lat' dir='ltr'>caeli</span> <span class='ocrx_word' id='word_1_20' title='bbox 569 529 639 602; x_wconf 87' lang='lat' dir='ltr'>tegit</span> <span class='ocrx_word' id='word_1_21' title='bbox 654 529 780 602; x_wconf 90' lang='lat' dir='ltr'>impetus</span> <span class='ocrx_word' id='word_1_22' title='bbox 794 529 906 603; x_wconf 89' lang='lat' dir='ltr'>ingens,</span> <span class='ocrx_word' id='word_1_23' title='bbox 1027 553 1075 589; x_wconf 85' lang='lat'>200</span> 
     </span>
     <span class='ocr_line' id='line_1_5' title="bbox 167 615 900 692; baseline 0.007 -19"><span class='ocrx_word' id='word_1_24' title='bbox 167 615 236 673; x_wconf 90' lang='lat' dir='ltr'>inde</span> <span class='ocrx_word' id='word_1_25' title='bbox 250 615 344 674; x_wconf 90' lang='lat' dir='ltr'>avidei</span> <span class='ocrx_word' id='word_1_26' title='bbox 358 627 471 691; x_wconf 89' lang='lat' dir='ltr'>partem</span> <span class='ocrx_word' id='word_1_27' title='bbox 485 627 600 675; x_wconf 92' lang='lat' dir='ltr'>montes</span> <span class='ocrx_word' id='word_1_28' title='bbox 615 619 760 692; x_wconf 90' lang='lat' dir='ltr'>silvaeque</span> <span class='ocrx_word' id='word_1_29' title='bbox 776 619 900 678; x_wconf 83' lang='lat' dir='ltr'>ferarum</span> 
     </span>
     <span class='ocr_line' id='line_1_6' title="bbox 166 705 859 783; baseline 0.006 -20"><span class='ocrx_word' id='word_1_30' title='bbox 166 705 334 782; x_wconf 86' lang='lat' dir='ltr'>possedere,</span> <span class='ocrx_word' id='word_1_31' title='bbox 349 716 451 764; x_wconf 90' lang='lat' dir='ltr'>tenent</span> <span class='ocrx_word' id='word_1_32' title='bbox 464 726 551 782; x_wconf 91' lang='lat' dir='ltr'>rupes</span> <span class='ocrx_word' id='word_1_33' title='bbox 565 718 721 782; x_wconf 87' lang='lat' dir='ltr'>vastaeque</span> <span class='ocrx_word' id='word_1_34' title='bbox 736 708 859 783; x_wconf 88' lang='lat' dir='ltr'>paludes</span> 
     </span>
    </p>

    <p class='ocr_par' dir='ltr' id='par_1_3' title="bbox 166 796 831 875">
     <span class='ocr_line' id='line_1_7' title="bbox 166 796 831 875; baseline 0.008 -22"><span class='ocrx_word' id='word_1_35' title='bbox 166 805 196 875; x_wconf 83' lang='lat' dir='ltr'>et</span> <span class='ocrx_word' id='word_1_36' title='bbox 209 815 288 854; x_wconf 90' lang='lat' dir='ltr'>mare</span> <span class='ocrx_word' id='word_1_37' title='bbox 303 796 385 871; x_wconf 91' lang='lat' dir='ltr'>quod</span> <span class='ocrx_word' id='word_1_38' title='bbox 400 797 456 854; x_wconf 90' lang='lat' dir='ltr'>late</span> <span class='ocrx_word' id='word_1_39' title='bbox 471 808 610 855; x_wconf 88' lang='lat' dir='ltr'>terrarum</span> <span class='ocrx_word' id='word_1_40' title='bbox 625 797 743 856; x_wconf 90' lang='lat' dir='ltr'>distinet</span> <span class='ocrx_word' id='word_1_41' title='bbox 757 818 831 858; x_wconf 86' lang='lat' dir='ltr'>oras.</span> 
     </span>
    </p>

    <p class='ocr_par' dir='ltr' id='par_1_4' title="bbox 165 878 879 1051">
     <span class='ocr_line' id='line_1_8' title="bbox 165 878 879 962; baseline 0.007 -20"><span class='ocrx_word' id='word_1_42' title='bbox 165 878 235 943; x_wconf 76' lang='lat' dir='ltr'>inde</span> <span class='ocrx_word' id='word_1_43' title='bbox 250 885 323 944; x_wconf 88' lang='lat' dir='ltr'>duas</span> <span class='ocrx_word' id='word_1_44' title='bbox 340 905 427 961; x_wconf 91' lang='lat' dir='ltr'>porro</span> <span class='ocrx_word' id='word_1_45' title='bbox 441 905 533 962; x_wconf 86' lang='lat' dir='ltr'>prope</span> <span class='ocrx_word' id='word_1_46' title='bbox 549 888 638 961; x_wconf 89' lang='lat' dir='ltr'>partis</span> <span class='ocrx_word' id='word_1_47' title='bbox 653 888 778 946; x_wconf 89' lang='lat' dir='ltr'>fervidus</span> <span class='ocrx_word' id='word_1_48' title='bbox 792 888 879 947; x_wconf 89' lang='lat' dir='ltr'>ardor</span> 
     </span>
     <span class='ocr_line' id='line_1_9' title="bbox 165 975 828 1051; baseline 0.006 -19"><span class='ocrx_word' id='word_1_49' title='bbox 165 975 362 1051; x_wconf 83' lang='lat' dir='ltr'>adsiduusque</span> <span class='ocrx_word' id='word_1_50' title='bbox 377 977 433 1051; x_wconf 87' lang='lat' dir='ltr'>geli</span> <span class='ocrx_word' id='word_1_51' title='bbox 448 995 531 1034; x_wconf 86' lang='lat' dir='ltr'>casus</span> <span class='ocrx_word' id='word_1_52' title='bbox 546 977 713 1035; x_wconf 82' lang='lat' dir='ltr'>mortalibus</span> <span class='ocrx_word' id='word_1_53' title='bbox 728 979 828 1037; x_wconf 85' lang='lat' dir='ltr'>aufert.</span> 
     </span>
    </p>

    <p class='ocr_par' dir='ltr' id='par_1_5' title="bbox 166 1065 856 1226">
     <span class='ocr_line' id='line_1_10' title="bbox 166 1065 856 1142; baseline 0.004 -20"><span class='ocrx_word' id='word_1_54' title='bbox 166 1065 246 1140; x_wconf 91' lang='lat' dir='ltr'>quod</span> <span class='ocrx_word' id='word_1_55' title='bbox 261 1076 392 1142; x_wconf 87' lang='lat' dir='ltr'>superest</span> <span class='ocrx_word' id='word_1_56' title='bbox 406 1067 474 1138; x_wconf 90' lang='lat' dir='ltr'>arvi,</span> <span class='ocrx_word' id='word_1_57' title='bbox 489 1076 588 1124; x_wconf 87' lang='lat' dir='ltr'>tamen</span> <span class='ocrx_word' id='word_1_58' title='bbox 603 1066 632 1124; x_wconf 91' lang='lat' dir='ltr'>id</span> <span class='ocrx_word' id='word_1_59' title='bbox 647 1078 749 1125; x_wconf 88' lang='lat' dir='ltr'>natura</span> <span class='ocrx_word' id='word_1_60' title='bbox 762 1087 814 1125; x_wconf 89' lang='lat' dir='ltr'>sua</span> <span class='ocrx_word' id='word_1_61' title='bbox 828 1068 856 1125; x_wconf 89' lang='lat' dir='ltr'>vi</span> 
     </span>
     <span class='ocr_line' id='line_1_11' title="bbox 167 1156 819 1226; baseline 0.006 -14"><span class='ocrx_word' id='word_1_62' title='bbox 167 1157 298 1214; x_wconf 87' lang='lat' dir='ltr'>sentibus</span> <span class='ocrx_word' id='word_1_63' title='bbox 312 1156 450 1226; x_wconf 90' lang='lat' dir='ltr'>obducat,</span> <span class='ocrx_word' id='word_1_64' title='bbox 465 1157 496 1213; x_wconf 92' lang='lat' dir='ltr'>ni</span> <span class='ocrx_word' id='word_1_65' title='bbox 510 1157 552 1214; x_wconf 91' lang='lat' dir='ltr'>vis</span> <span class='ocrx_word' id='word_1_66' title='bbox 567 1157 694 1215; x_wconf 89' lang='lat' dir='ltr'>humana</span> <span class='ocrx_word' id='word_1_67' title='bbox 706 1159 819 1217; x_wconf 84' lang='lat' dir='ltr'>resistat</span> 
     </span>
    </p>

    <p class='ocr_par' dir='ltr' id='par_1_6' title="bbox 164 1246 723 1307">
     <span class='ocr_line' id='line_1_12' title="bbox 164 1246 723 1307; baseline 0.005 -5"><span class='ocrx_word' id='word_1_68' title='bbox 164 1246 232 1303; x_wconf 89' lang='lat' dir='ltr'>vitai</span> <span class='ocrx_word' id='word_1_69' title='bbox 246 1265 333 1304; x_wconf 90' lang='lat' dir='ltr'>causa</span> <span class='ocrx_word' id='word_1_70' title='bbox 345 1246 441 1304; x_wconf 88' lang='lat' dir='ltr'>valido</span> <span class='ocrx_word' id='word_1_71' title='bbox 456 1257 598 1305; x_wconf 88' lang='lat' dir='ltr'>consueta</span> <span class='ocrx_word' id='word_1_72' title='bbox 610 1247 723 1307; x_wconf 88' lang='lat' dir='ltr'>bidenti</span> 
     </span>
    </p>

    <p class='ocr_par' dir='ltr' id='par_1_7' title="bbox 163 1333 923 1773">
     <span class='ocr_line' id='line_1_13' title="bbox 164 1333 918 1412; baseline 0.005 -20"><span class='ocrx_word' id='word_1_73' title='bbox 164 1333 312 1410; x_wconf 85' lang='lat' dir='ltr'>ingemere</span> <span class='ocrx_word' id='word_1_74' title='bbox 326 1349 356 1394; x_wconf 93' lang='lat' dir='ltr'>et</span> <span class='ocrx_word' id='word_1_75' title='bbox 369 1347 475 1394; x_wconf 88' lang='lat' dir='ltr'>terram</span> <span class='ocrx_word' id='word_1_76' title='bbox 489 1338 594 1412; x_wconf 89' lang='lat' dir='ltr'>pressis</span> <span class='ocrx_word' id='word_1_77' title='bbox 608 1337 797 1412; x_wconf 91' lang='lat' dir='ltr'>proscindere</span> <span class='ocrx_word' id='word_1_78' title='bbox 812 1338 918 1396; x_wconf 83' lang='lat' dir='ltr'>aratris.</span> 
     </span>
     <span class='ocr_line' id='line_1_14' title="bbox 164 1424 821 1503; baseline 0.009 -23"><span class='ocrx_word' id='word_1_79' title='bbox 164 1424 261 1484; x_wconf 91' lang='lat' dir='ltr'>sinon</span> <span class='ocrx_word' id='word_1_80' title='bbox 276 1425 417 1484; x_wconf 84' lang='lat' dir='ltr'>secundas</span> <span class='ocrx_word' id='word_1_81' title='bbox 431 1437 575 1486; x_wconf 90' lang='lat' dir='ltr'>vertentes</span> <span class='ocrx_word' id='word_1_82' title='bbox 590 1447 707 1486; x_wconf 90' lang='lat' dir='ltr'>vomere</span> <span class='ocrx_word' id='word_1_83' title='bbox 722 1429 821 1503; x_wconf 85' lang='lat' dir='ltr'>glebas</span> 
     </span>
     <span class='ocr_line' id='line_1_15' title="bbox 163 1516 858 1593; baseline 0.007 -22"><span class='ocrx_word' id='word_1_84' title='bbox 163 1516 305 1590; x_wconf 87' lang='lat' dir='ltr'>terraique</span> <span class='ocrx_word' id='word_1_85' title='bbox 319 1517 413 1574; x_wconf 91' lang='lat' dir='ltr'>solum</span> <span class='ocrx_word' id='word_1_86' title='bbox 428 1517 594 1593; x_wconf 86' lang='lat' dir='ltr'>subigentes</span> <span class='ocrx_word' id='word_1_87' title='bbox 608 1518 702 1576; x_wconf 91' lang='lat' dir='ltr'>cimus</span> <span class='ocrx_word' id='word_1_88' title='bbox 716 1518 755 1575; x_wconf 91' lang='lat' dir='ltr'>ad</span> <span class='ocrx_word' id='word_1_89' title='bbox 769 1528 858 1590; x_wconf 90' lang='lat' dir='ltr'>ortus,</span> 
     </span>
     <span class='ocr_line' id='line_1_16' title="bbox 163 1607 923 1682; baseline 0.008 -21"><span class='ocrx_word' id='word_1_90' title='bbox 163 1615 267 1679; x_wconf 90' lang='lat' dir='ltr'>sponte</span> <span class='ocrx_word' id='word_1_91' title='bbox 282 1624 334 1664; x_wconf 90' lang='lat' dir='ltr'>sua</span> <span class='ocrx_word' id='word_1_92' title='bbox 347 1617 494 1681; x_wconf 86' lang='lat' dir='ltr'>nequeant</span> <span class='ocrx_word' id='word_1_93' title='bbox 507 1607 632 1682; x_wconf 88' lang='lat' dir='ltr'>liquidas</span> <span class='ocrx_word' id='word_1_94' title='bbox 647 1608 768 1666; x_wconf 84' lang='lat' dir='ltr'>existere</span> <span class='ocrx_word' id='word_1_95' title='bbox 783 1609 813 1665; x_wconf 90' lang='lat' dir='ltr'>in</span> <span class='ocrx_word' id='word_1_96' title='bbox 827 1626 923 1681; x_wconf 68' lang='lat' dir='ltr'>auras·</span> 
     </span>
     <span class='ocr_line' id='line_1_17' title="bbox 163 1696 842 1773; baseline 0.009 -23"><span class='ocrx_word' id='word_1_97' title='bbox 163 1704 193 1750; x_wconf 89' lang='lat' dir='ltr'>et</span> <span class='ocrx_word' id='word_1_98' title='bbox 206 1703 304 1753; x_wconf 83' lang='lat' dir='ltr'>tamen</span> <span class='ocrx_word' id='word_1_99' title='bbox 318 1696 462 1755; x_wconf 88' lang='lat' dir='ltr'>interdum</span> <span class='ocrx_word' id='word_1_100' title='bbox 477 1716 584 1773; x_wconf 87' lang='lat' dir='ltr'>magno</span> <span class='ocrx_word' id='word_1_101' title='bbox 599 1698 729 1772; x_wconf 90' lang='lat' dir='ltr'>quaesita</span> <span class='ocrx_word' id='word_1_102' title='bbox 742 1698 842 1756; x_wconf 90' lang='lat' dir='ltr'>labore</span> 
     </span>
    </p>

    <p class='ocr_par' dir='ltr' id='par_1_8' title="bbox 163 1786 963 1936">
     <span class='ocr_line' id='line_1_18' title="bbox 163 1786 963 1863; baseline 0.006 -22"><span class='ocrx_word' id='word_1_103' title='bbox 163 1802 230 1842; x_wconf 90' lang='lat' dir='ltr'>cum</span> <span class='ocrx_word' id='word_1_104' title='bbox 245 1786 302 1843; x_wconf 89' lang='lat' dir='ltr'>iam</span> <span class='ocrx_word' id='word_1_105' title='bbox 316 1805 369 1862; x_wconf 93' lang='lat' dir='ltr'>per</span> <span class='ocrx_word' id='word_1_106' title='bbox 383 1796 470 1845; x_wconf 89' lang='lat' dir='ltr'>terras</span> <span class='ocrx_word' id='word_1_107' title='bbox 486 1787 621 1845; x_wconf 84' lang='lat' dir='ltr'>sronclent</span> <span class='ocrx_word' id='word_1_108' title='bbox 635 1798 722 1863; x_wconf 89' lang='lat' dir='ltr'>atque</span> <span class='ocrx_word' id='word_1_109' title='bbox 738 1790 837 1846; x_wconf 90' lang='lat' dir='ltr'>omnia</span> <span class='ocrx_word' id='word_1_110' title='bbox 851 1789 963 1860; x_wconf 88' lang='lat' dir='ltr'>florent,</span> 
     </span>
     <span class='ocr_line' id='line_1_19' title="bbox 163 1876 813 1936; baseline 0.005 -4"><span class='ocrx_word' id='word_1_111' title='bbox 163 1884 213 1932; x_wconf 91' lang='lat' dir='ltr'>aut</span> <span class='ocrx_word' id='word_1_112' title='bbox 225 1876 321 1934; x_wconf 90' lang='lat' dir='ltr'>nimiis</span> <span class='ocrx_word' id='word_1_113' title='bbox 335 1886 423 1934; x_wconf 89' lang='lat' dir='ltr'>torret</span> <span class='ocrx_word' id='word_1_114' title='bbox 437 1878 596 1936; x_wconf 89' lang='lat' dir='ltr'>fervoribus</span> <span class='ocrx_word' id='word_1_115' title='bbox 611 1878 755 1936; x_wconf 88' lang='lat' dir='ltr'>aetherius</span> <span class='ocrx_word' id='word_1_116' title='bbox 769 1878 813 1936; x_wconf 94' lang='lat' dir='ltr'>sol</span> 
     </span>
    </p>

    <p class='ocr_par' dir='ltr' id='par_1_9' title="bbox 162 1966 924 2313">
     <span class='ocr_line' id='line_1_20' title="bbox 163 1966 924 2044; baseline 0.005 -22"><span class='ocrx_word' id='word_1_117' title='bbox 163 1975 213 2023; x_wconf 92' lang='lat' dir='ltr'>aut</span> <span class='ocrx_word' id='word_1_118' title='bbox 226 1967 312 2026; x_wconf 87' lang='lat' dir='ltr'>subiti</span> <span class='ocrx_word' id='word_1_119' title='bbox 326 1978 481 2044; x_wconf 88' lang='lat' dir='ltr'>peremunt</span> <span class='ocrx_word' id='word_1_120' title='bbox 495 1966 593 2026; x_wconf 82' lang='lat' dir='ltr'>imbris</span> <span class='ocrx_word' id='word_1_121' title='bbox 606 1967 778 2043; x_wconf 84' lang='lat' dir='ltr'>gelidaeque</span> <span class='ocrx_word' id='word_1_122' title='bbox 793 1969 924 2044; x_wconf 87' lang='lat' dir='ltr'>pruinae,</span> 
     </span>
     <span class='ocr_line' id='line_1_21' title="bbox 163 2054 878 2132; baseline 0.008 -21"><span class='ocrx_word' id='word_1_123' title='bbox 163 2054 309 2132; x_wconf 85' lang='lat' dir='ltr'>flabraque</span> <span class='ocrx_word' id='word_1_124' title='bbox 324 2067 477 2115; x_wconf 90' lang='lat' dir='ltr'>ventorum</span> <span class='ocrx_word' id='word_1_125' title='bbox 492 2058 620 2115; x_wconf 87' lang='lat' dir='ltr'>violento</span> <span class='ocrx_word' id='word_1_126' title='bbox 635 2059 748 2116; x_wconf 90' lang='lat' dir='ltr'>turbine</span> <span class='ocrx_word' id='word_1_127' title='bbox 762 2068 878 2117; x_wconf 85' lang='lat' dir='ltr'>vexant.</span> 
     </span>
     <span class='ocr_line' id='line_1_22' title="bbox 162 2147 856 2223; baseline 0.006 -21"><span class='ocrx_word' id='word_1_128' title='bbox 162 2156 312 2220; x_wconf 86' lang='lat' dir='ltr'>praeterea</span> <span class='ocrx_word' id='word_1_129' title='bbox 325 2165 417 2223; x_wconf 86' lang='lat' dir='ltr'>genus</span> <span class='ocrx_word' id='word_1_130' title='bbox 432 2147 601 2206; x_wconf 85' lang='lat' dir='ltr'>horriferum</span> <span class='ocrx_word' id='word_1_131' title='bbox 616 2159 718 2206; x_wconf 89' lang='lat' dir='ltr'>natura</span> <span class='ocrx_word' id='word_1_132' title='bbox 731 2149 856 2206; x_wconf 88' lang='lat' dir='ltr'>serarum</span> 
     </span>
     <span class='ocr_line' id='line_1_23' title="bbox 162 2233 849 2313; baseline 0.006 -21"><span class='ocrx_word' id='word_1_133' title='bbox 162 2233 306 2294; x_wconf 87' lang='lat' dir='ltr'>humanae</span> <span class='ocrx_word' id='word_1_134' title='bbox 323 2238 404 2313; x_wconf 88' lang='lat' dir='ltr'>genti</span> <span class='ocrx_word' id='word_1_135' title='bbox 418 2237 553 2295; x_wconf 86' lang='lat' dir='ltr'>infestum</span> <span class='ocrx_word' id='word_1_136' title='bbox 568 2247 701 2313; x_wconf 87' lang='lat' dir='ltr'>terraque</span> <span class='ocrx_word' id='word_1_137' title='bbox 717 2240 849 2313; x_wconf 89' lang='lat' dir='ltr'>marique</span> 
     </span>
    </p>

    <p class='ocr_par' dir='ltr' id='par_1_10' title="bbox 162 2327 931 2494">
     <span class='ocr_line' id='line_1_24' title="bbox 162 2327 931 2404; baseline 0.005 -22"><span class='ocrx_word' id='word_1_138' title='bbox 162 2344 214 2382; x_wconf 90' lang='lat' dir='ltr'>cur</span> <span class='ocrx_word' id='word_1_139' title='bbox 227 2327 275 2385; x_wconf 90' lang='lat' dir='ltr'>alit</span> <span class='ocrx_word' id='word_1_140' title='bbox 288 2336 376 2402; x_wconf 88' lang='lat' dir='ltr'>atque</span> <span class='ocrx_word' id='word_1_141' title='bbox 390 2329 498 2402; x_wconf 87' lang='lat' dir='ltr'>auget?</span> <span class='ocrx_word' id='word_1_142' title='bbox 518 2346 570 2385; x_wconf 91' lang='lat' dir='ltr'>cur</span> <span class='ocrx_word' id='word_1_143' title='bbox 583 2329 652 2386; x_wconf 87' lang='lat' dir='ltr'>anni</span> <span class='ocrx_word' id='word_1_144' title='bbox 666 2338 799 2404; x_wconf 90' lang='lat' dir='ltr'>tempora</span> <span class='ocrx_word' id='word_1_145' title='bbox 813 2328 931 2387; x_wconf 90' lang='lat' dir='ltr'>morbos</span> 
     </span>
     <span class='ocr_line' id='line_1_25' title="bbox 162 2414 845 2494; baseline 0.006 -22"><span class='ocrx_word' id='word_1_146' title='bbox 162 2414 338 2490; x_wconf 84' lang='lat' dir='ltr'>adportant?</span> <span class='ocrx_word' id='word_1_147' title='bbox 354 2435 442 2492; x_wconf 87' lang='lat' dir='ltr'>quare</span> <span class='ocrx_word' id='word_1_148' title='bbox 457 2437 535 2476; x_wconf 93' lang='lat' dir='ltr'>mors</span> <span class='ocrx_word' id='word_1_149' title='bbox 549 2419 693 2476; x_wconf 90' lang='lat' dir='ltr'>inmatura</span> <span class='ocrx_word' id='word_1_150' title='bbox 706 2420 845 2494; x_wconf 88' lang='lat' dir='ltr'>vagatur?</span> 
     </span>
    </p>

    <p class='ocr_par' dir='ltr' id='par_1_11' title="bbox 160 2506 917 2942">
     <span class='ocr_line' id='line_1_26' title="bbox 161 2506 884 2583; baseline 0.007 -21"><span class='ocrx_word' id='word_1_151' title='bbox 161 2514 224 2562; x_wconf 91' lang='lat' dir='ltr'>tum</span> <span class='ocrx_word' id='word_1_152' title='bbox 237 2524 324 2581; x_wconf 92' lang='lat' dir='ltr'>porro</span> <span class='ocrx_word' id='word_1_153' title='bbox 338 2525 419 2581; x_wconf 90' lang='lat' dir='ltr'>puer,</span> <span class='ocrx_word' id='word_1_154' title='bbox 434 2516 466 2564; x_wconf 88' lang='lat' dir='ltr'>ut</span> <span class='ocrx_word' id='word_1_155' title='bbox 479 2509 571 2566; x_wconf 92' lang='lat' dir='ltr'>saevis</span> <span class='ocrx_word' id='word_1_156' title='bbox 585 2509 732 2583; x_wconf 89' lang='lat' dir='ltr'>proiectus</span> <span class='ocrx_word' id='word_1_157' title='bbox 746 2509 783 2566; x_wconf 89' lang='lat' dir='ltr'>ab</span> <span class='ocrx_word' id='word_1_158' title='bbox 797 2506 884 2567; x_wconf 89' lang='lat' dir='ltr'>undis</span> 
     </span>
     <span class='ocr_line' id='line_1_27' title="bbox 161 2597 917 2672; baseline 0.003 -20"><span class='ocrx_word' id='word_1_159' title='bbox 161 2597 265 2668; x_wconf 90' lang='lat' dir='ltr'>navita,</span> <span class='ocrx_word' id='word_1_160' title='bbox 280 2597 377 2656; x_wconf 90' lang='lat' dir='ltr'>nudus</span> <span class='ocrx_word' id='word_1_161' title='bbox 392 2597 473 2655; x_wconf 91' lang='lat' dir='ltr'>humi</span> <span class='ocrx_word' id='word_1_162' title='bbox 488 2598 572 2668; x_wconf 89' lang='lat' dir='ltr'>iacet,</span> <span class='ocrx_word' id='word_1_163' title='bbox 587 2598 689 2669; x_wconf 89' lang='lat' dir='ltr'>infans,</span> <span class='ocrx_word' id='word_1_164' title='bbox 705 2597 820 2672; x_wconf 88' lang='lat' dir='ltr'>indigus</span> <span class='ocrx_word' id='word_1_165' title='bbox 834 2598 917 2656; x_wconf 87' lang='lat' dir='ltr'>omni</span> 
     </span>
     <span class='ocr_line' id='line_1_28' title="bbox 161 2687 845 2763; baseline 0.004 -19"><span class='ocrx_word' id='word_1_166' title='bbox 161 2687 239 2744; x_wconf 89' lang='lat' dir='ltr'>vitali</span> <span class='ocrx_word' id='word_1_167' title='bbox 252 2688 367 2759; x_wconf 87' lang='lat' dir='ltr'>auxilio,</span> <span class='ocrx_word' id='word_1_168' title='bbox 383 2707 450 2745; x_wconf 92' lang='lat' dir='ltr'>cum</span> <span class='ocrx_word' id='word_1_169' title='bbox 466 2689 591 2763; x_wconf 89' lang='lat' dir='ltr'>primum</span> <span class='ocrx_word' id='word_1_170' title='bbox 605 2689 636 2746; x_wconf 92' lang='lat' dir='ltr'>in</span> <span class='ocrx_word' id='word_1_171' title='bbox 649 2689 765 2746; x_wconf 90' lang='lat' dir='ltr'>luminis</span> <span class='ocrx_word' id='word_1_172' title='bbox 779 2708 845 2748; x_wconf 91' lang='lat' dir='ltr'>oras</span> 
     </span>
     <span class='ocr_line' id='line_1_29' title="bbox 161 2776 783 2853; baseline 0.005 -20"><span class='ocrx_word' id='word_1_173' title='bbox 161 2776 274 2835; x_wconf 89' lang='lat' dir='ltr'>nixibus</span> <span class='ocrx_word' id='word_1_174' title='bbox 289 2795 325 2834; x_wconf 84' lang='lat' dir='ltr'>ex</span> <span class='ocrx_word' id='word_1_175' title='bbox 339 2779 403 2835; x_wconf 88' lang='lat' dir='ltr'>alvo</span> <span class='ocrx_word' id='word_1_176' title='bbox 418 2779 515 2835; x_wconf 89' lang='lat' dir='ltr'>matris</span> <span class='ocrx_word' id='word_1_177' title='bbox 530 2788 632 2836; x_wconf 89' lang='lat' dir='ltr'>natura</span> <span class='ocrx_word' id='word_1_178' title='bbox 646 2778 783 2853; x_wconf 85' lang='lat' dir='ltr'>profudit,</span> 
     </span>
     <span class='ocr_line' id='line_1_30' title="bbox 160 2866 897 2942; baseline 0.007 -21"><span class='ocrx_word' id='word_1_179' title='bbox 160 2866 426 2940; x_wconf 87' lang='lat' dir='ltr'>vagituquelocum</span> <span class='ocrx_word' id='word_1_180' title='bbox 440 2868 552 2942; x_wconf 91' lang='lat' dir='ltr'>lugubri</span> <span class='ocrx_word' id='word_1_181' title='bbox 567 2868 704 2942; x_wconf 88' lang='lat' dir='ltr'>complet,</span> <span class='ocrx_word' id='word_1_182' title='bbox 720 2879 751 2926; x_wconf 92' lang='lat' dir='ltr'>ut</span> <span class='ocrx_word' id='word_1_183' title='bbox 765 2877 897 2926; x_wconf 88' lang='lat' dir='ltr'>aecumst</span> 
     </span>
    </p>

    <p class='ocr_par' dir='ltr' id='par_1_12' title="bbox 161 2955 850 3016">
     <span class='ocr_line' id='line_1_31' title="bbox 161 2955 850 3016; baseline 0.004 -4"><span class='ocrx_word' id='word_1_184' title='bbox 161 2955 208 3011; x_wconf 90' lang='lat' dir='ltr'>cui</span> <span class='ocrx_word' id='word_1_185' title='bbox 222 2965 334 3014; x_wconf 90' lang='lat' dir='ltr'>tantum</span> <span class='ocrx_word' id='word_1_186' title='bbox 349 2956 378 3014; x_wconf 91' lang='lat' dir='ltr'>in</span> <span class='ocrx_word' id='word_1_187' title='bbox 393 2958 450 3014; x_wconf 90' lang='lat' dir='ltr'>vita</span> <span class='ocrx_word' id='word_1_188' title='bbox 463 2967 551 3014; x_wconf 90' lang='lat' dir='ltr'>restet</span> <span class='ocrx_word' id='word_1_189' title='bbox 564 2959 683 3014; x_wconf 90' lang='lat' dir='ltr'>transire</span> <span class='ocrx_word' id='word_1_190' title='bbox 697 2959 850 3016; x_wconf 88' lang='lat' dir='ltr'>malorum.</span> 
     </span>
    </p>

    <p class='ocr_par' dir='ltr' id='par_1_13' title="bbox 161 3045 887 3121">
     <span class='ocr_line' id='line_1_32' title="bbox 161 3045 887 3121; baseline 0.004 -20"><span class='ocrx_word' id='word_1_191' title='bbox 161 3052 191 3101; x_wconf 90' lang='lat' dir='ltr'>at</span> <span class='ocrx_word' id='word_1_192' title='bbox 204 3045 298 3103; x_wconf 87' lang='lat' dir='ltr'>variae</span> <span class='ocrx_word' id='word_1_193' title='bbox 312 3058 447 3104; x_wconf 89' lang='lat' dir='ltr'>crescunt</span> <span class='ocrx_word' id='word_1_194' title='bbox 461 3045 591 3120; x_wconf 90' lang='lat' dir='ltr'>pecudes</span> <span class='ocrx_word' id='word_1_195' title='bbox 606 3059 736 3104; x_wconf 87' lang='lat' dir='ltr'>armenta</span> <span class='ocrx_word' id='word_1_196' title='bbox 750 3048 887 3121; x_wconf 84' lang='lat' dir='ltr'>feraeque</span> 
     </span>
    </p>

    <p class='ocr_par' dir='ltr' id='par_1_14' title="bbox 160 3135 1065 3480">
     <span class='ocr_line' id='line_1_33' title="bbox 160 3135 991 3210; baseline 0.002 -19"><span class='ocrx_word' id='word_1_197' title='bbox 160 3151 217 3191; x_wconf 90' lang='lat' dir='ltr'>nec</span> <span class='ocrx_word' id='word_1_198' title='bbox 231 3136 412 3210; x_wconf 87' lang='lat' dir='ltr'>crepitacillis</span> <span class='ocrx_word' id='word_1_199' title='bbox 426 3154 501 3209; x_wconf 90' lang='lat' dir='ltr'>opus</span> <span class='ocrx_word' id='word_1_200' title='bbox 516 3146 629 3194; x_wconf 91' lang='lat' dir='ltr'>estnec</span> <span class='ocrx_word' id='word_1_201' title='bbox 644 3137 781 3210; x_wconf 86' lang='lat' dir='ltr'>cuiquam</span> <span class='ocrx_word' id='word_1_202' title='bbox 796 3135 991 3195; x_wconf 87' lang='lat' dir='ltr'>adhibendast</span> 
     </span>
     <span class='ocr_line' id='line_1_34' title="bbox 160 3221 1065 3302; baseline 0 -21"><span class='ocrx_word' id='word_1_203' title='bbox 160 3221 254 3281; x_wconf 89' lang='lat' dir='ltr'>almae</span> <span class='ocrx_word' id='word_1_204' title='bbox 268 3225 387 3283; x_wconf 89' lang='lat' dir='ltr'>nutricis</span> <span class='ocrx_word' id='word_1_205' title='bbox 400 3225 508 3283; x_wconf 89' lang='lat' dir='ltr'>blanda</span> <span class='ocrx_word' id='word_1_206' title='bbox 521 3236 609 3300; x_wconf 89' lang='lat' dir='ltr'>atque</span> <span class='ocrx_word' id='word_1_207' title='bbox 624 3226 744 3284; x_wconf 86' lang='lat' dir='ltr'>infracta</span> <span class='ocrx_word' id='word_1_208' title='bbox 758 3226 899 3302; x_wconf 69' lang='lat' dir='ltr'>loquella?</span> <span class='ocrx_word' id='word_1_209' title='bbox 1018 3245 1065 3296; x_wconf 89' lang='lat'>230</span> 
     </span>
     <span class='ocr_line' id='line_1_35' title="bbox 160 3313 898 3391; baseline 0.004 -21"><span class='ocrx_word' id='word_1_210' title='bbox 160 3330 217 3371; x_wconf 90' lang='lat' dir='ltr'>nec</span> <span class='ocrx_word' id='word_1_211' title='bbox 230 3313 320 3372; x_wconf 87' lang='lat' dir='ltr'>varias</span> <span class='ocrx_word' id='word_1_212' title='bbox 334 3324 477 3388; x_wconf 88' lang='lat' dir='ltr'>quaerunt</span> <span class='ocrx_word' id='word_1_213' title='bbox 491 3326 585 3374; x_wconf 89' lang='lat' dir='ltr'>vestes</span> <span class='ocrx_word' id='word_1_214' title='bbox 599 3333 653 3390; x_wconf 92' lang='lat' dir='ltr'>pro</span> <span class='ocrx_word' id='word_1_215' title='bbox 667 3326 799 3391; x_wconf 91' lang='lat' dir='ltr'>tempore</span> <span class='ocrx_word' id='word_1_216' title='bbox 814 3315 898 3387; x_wconf 89' lang='lat' dir='ltr'>caeli‚·</span> 
     </span>
     <span class='ocr_line' id='line_1_36' title="bbox 160 3401 951 3480; baseline 0.003 -19"><span class='ocrx_word' id='word_1_217' title='bbox 160 3401 288 3479; x_wconf 89' lang='lat' dir='ltr'>denique</span> <span class='ocrx_word' id='word_1_218' title='bbox 302 3421 363 3462; x_wconf 92' lang='lat' dir='ltr'>non</span> <span class='ocrx_word' id='word_1_219' title='bbox 377 3404 463 3463; x_wconf 87' lang='lat' dir='ltr'>armis</span> <span class='ocrx_word' id='word_1_220' title='bbox 477 3421 552 3480; x_wconf 90' lang='lat' dir='ltr'>opus</span> <span class='ocrx_word' id='word_1_221' title='bbox 566 3414 620 3479; x_wconf 89' lang='lat' dir='ltr'>est,</span> <span class='ocrx_word' id='word_1_222' title='bbox 635 3425 697 3464; x_wconf 92' lang='lat' dir='ltr'>non</span> <span class='ocrx_word' id='word_1_223' title='bbox 710 3406 865 3465; x_wconf 91' lang='lat' dir='ltr'>moenibus</span> <span class='ocrx_word' id='word_1_224' title='bbox 878 3407 951 3477; x_wconf 86' lang='lat' dir='ltr'>altis,</span> 
     </span>
    </p>
   </div>
   <div class='ocr_carea' id='block_1_3' title="bbox 0 0 1254 3894">
    <p class='ocr_par' dir='ltr' id='par_1_15' title="bbox 0 0 1254 3894">
     <span class='ocr_line' id='line_1_37' title="bbox 0 0 1254 3894; baseline 0 3"><span class='ocrx_word' id='word_1_225' title='bbox 0 0 1254 3894; x_wconf 95' lang='lat' dir='ltr'> </span> 
     </span>
    </p>
   </div>
  </div>
 </body>
</html>
