2498 3894
173 233 217 298 94
508 226 739 284 nuenarius
841 204 846 212 '
1000 226 1073 298 [111.

172 410 210 450 ex
223 392 322 451 animo
336 401 370 451 ut
383 391 483 451 dicant
497 391 610 451 ‘brevis
624 390 672 449 hic
686 400 730 449 est
743 391 852 449 fructus
867 389 1021 463 homullis;

171 482 230 541 iam
244 483 328 541 fuerit
341 500 439 557 neque
454 491 521 557 post
534 500 674 556 umquam
688 500 823 539 revocare
837 481 954 539 licebit!
1025 499 1073 554 915

171 582 321 648 tamquam
335 575 366 630 in
380 583 473 633 morte
488 573 556 630 mali
570 591 639 629 cum
653 572 752 646 primis
767 572 824 629 hoc
839 572 875 629 sit
889 590 1000 643 eorum,

171 663 253 738 quod
267 664 327 722 sitis
342 672 442 720 exurat
457 663 577 721 miseros
593 676 680 737 atque
696 662 777 719 arida
791 672 891 734 torreS,

170 763 221 812 aut
234 754 307 811 aliae
322 754 403 811 cuius
418 752 596 811 desiderium
609 751 733 810 insideat
747 753 798 810 rei.

170 861 226 900 nec
241 844 296 901 sibi
311 844 388 901 enim
403 844 558 918 quisquam
573 853 635 900 tum
649 861 680 899 se
694 842 841 916 vitamque
856 841 983 915 requirit,

170 951 238 990 cum
253 935 359 1008 pariter
372 952 456 991 mens
470 944 499 991 et
513 951 620 1008 corpus
633 933 728 1008 sopita
741 933 913 1006 quiescunt,
1024 953 1074 1005 920

107 1082 111 1087 ,
169 1041 237 1080 nam
252 1025 320 1082 licet
334 1034 484 1081 aeternum
498 1042 551 1100 per
563 1041 618 1081 nos
632 1023 673 1081 sic
688 1040 751 1080 esse
766 1034 919 1097 soporemg

168 1132 225 1172 nec
241 1114 417 1173 desiderium
432 1116 523 1174 nostri
536 1133 591 1172 nos
605 1113 705 1172 adficit
718 1113 818 1171 ullum.

169 1214 311 1263 ettamen
325 1205 552 1281 haudquaquam
566 1213 681 1263 nostros
695 1213 765 1262 tunc
780 1204 827 1261 illa
840 1221 894 1278 per
907 1213 984 1261 artus

167 1295 255 1370 longe
270 1297 307 1354 ab
321 1296 466 1354 sensiferis
480 1295 639 1371 primordia
651 1296 779 1353 motibus
794 1302 897 1365 errant,

168 1404 236 1443 cum
251 1396 399 1461 correptus
415 1386 505 1444 homo
520 1404 556 1444 ex
570 1405 675 1444 somno
689 1404 720 1444 se
735 1385 845 1459 colligit
858 1385 931 1459 ipse.
1022 1401 1070 1457 925

91 1544 96 1559 Ι
167 1476 258 1534 multo
273 1477 358 1552 igitur
372 1487 496 1534 mortem
510 1478 606 1535 minus
620 1476 659 1534 ad
673 1495 727 1535 nos
742 1494 805 1534 esse
820 1473 1020 1550 putandumst,

167 1567 191 1623 si
206 1567 300 1624 minus
315 1585 378 1624 esse
393 1575 491 1642 potest
504 1585 593 1642 quarn
608 1566 689 1640 quod
703 1567 742 1623 nil
758 1584 822 1624 esse
836 1565 989 1637 videmus,

166 1657 260 1714 maior
273 1657 351 1715 enim
366 1658 467 1714 turbae
482 1656 619 1715 disiectus
634 1656 765 1714 materiai

166 1747 355 1821 consequitur
368 1747 427 1805 leto
441 1765 498 1804 nec
513 1748 666 1823 quisquam
681 1747 846 1822 expergitus
861 1755 962 1817 exstat,

165 1837 269 1912 frigida
283 1855 371 1912 quem
384 1838 475 1895 semel
489 1848 533 1896 est
546 1838 614 1895 vitai
627 1855 719 1912 pausa
733 1847 842 1894 secuta.
1020 1856 1071 1909 930

206 1927 342 2002 Denique
357 1928 381 1985 si
395 1946 500 1985 vocem
514 1946 610 1986 rerum
624 1938 727 1986 natura
739 1938 861 2003 repente

164 2018 260 2074 mittat
275 2027 303 2075 et
317 2017 376 2075 hoc
390 2018 476 2076 alicui
489 2029 620 2077 nostrum
635 2019 677 2076 sic
692 2019 824 2094 increpet
838 2019 902 2094 ipsa

165 2107 255 2182 ‘quid
269 2108 321 2166 tibi
335 2116 416 2167 tanto
431 2119 556 2184 operest,
571 2109 706 2179 mortalis,
724 2109 807 2184 quod
823 2110 908 2167 nimis
922 2109 1015 2183 aegris

163 2197 288 2256 luctibus
302 2198 456 2274 indulges?
473 2198 544 2273 quid
558 2210 683 2257 mortem
699 2201 849 2274 congemis
864 2219 899 2258 ac
913 2200 984 2258 fles?

163 2307 232 2346 nam
246 2276 333 2364 grd‘tis
348 2299 482 2347 anteacta
496 2290 548 2346 fuit
562 2290 613 2347 tibi
626 2290 685 2346 vita
698 2291 835 2365 priorque
841 2325 854 2365 ,
1018 2311 1050 2364 93
1053 2309 1067 2363 5

164 2388 193 2435 et
207 2397 268 2438 non
282 2380 382 2437 omnia
395 2390 543 2454 pertusum
558 2389 698 2454 congesta
712 2381 794 2455 quasi
808 2381 839 2438 in
852 2399 901 2438 vas

163 2468 323 2527 commoda
336 2470 496 2545 perfluxere
510 2479 598 2544 atque
614 2471 724 2545 ingrata
738 2471 891 2528 interiere:

163 2578 214 2616 cur
227 2578 288 2618 non
303 2571 335 2616 ut
348 2560 451 2634 plenus
464 2560 539 2618 vitae
554 2561 677 2618 conviva
689 2560 803 2618 recedis

162 2667 257 2724 aequo
271 2649 430 2723 animoque
445 2651 525 2726 capis
538 2669 680 2722 securam,
695 2651 789 2722 stulte,
805 2650 955 2729 quietem?

162 2740 206 2796 sin
222 2757 346 2814 eaquae
361 2740 469 2797 fructus
484 2759 610 2816 cumque
626 2759 657 2799 es
671 2741 783 2816 periere
798 2732 916 2816 profusa
1017 2763 1067 2813 940
1090 2750 1110 2761 '¹

161 2829 277 2902 vitaque
293 2833 323 2887 in
338 2829 487 2902 offensust,
502 2848 554 2887 cur
567 2831 690 2905 amplius
705 2830 814 2889 addere
830 2831 954 2905 quaeris,
1027 2888 1032 2895 ,
1087 2816 1091 2831 “

162 2936 274 2975 rursum
289 2919 371 2993 quod
385 2929 486 2994 pereat
500 2921 574 2977 maie
589 2935 619 2978 et
632 2927 775 2995 ingratum
791 2921 908 2978 occidat
922 2902 1092 2992 ornne,¹¹-.a·
1116 2906 1124 2953 '¹'

161 3025 223 3064 non
237 3009 334 3083 potius
347 3010 422 3067 vitae
438 3009 528 3066 finem
542 3010 612 3067 sacis
627 3020 714 3085 atque
729 3012 856 3068 laboris?

161 3116 230 3155 narn
244 3098 295 3156 tibi
310 3110 461 3172 praeterea
474 3099 555 3174 quod
569 3101 718 3158 machiner
731 3102 945 3175 inveniamque,

162 3187 244 3261 quod
257 3189 379 3263 placeat,
394 3189 435 3246 nil
450 3199 511 3247 est:
535 3189 640 3247 eadem
654 3201 721 3248 sunt
735 3193 834 3249 omnia
848 3209 972 3266 semper.
1016 3211 1065 3266 945

161 3278 185 3336 si
199 3278 251 3336 tibi
265 3296 325 3336 non
340 3280 422 3336 annis
437 3298 544 3355 corpus
558 3280 616 3338 iam
631 3291 741 3338 marcet
756 3291 785 3339 et
798 3291 875 3339 artus

161 3368 289 3427 confecti
302 3369 449 3443 languent,
465 3370 568 3427 eadem
584 3381 682 3428 tamen
696 3373 795 3430 omnia
807 3380 925 3445 restant,
960 3369 1005 3432 ,⁵
1023 3394 1037 3417 ‹·

161 3459 261 3519 omnia
274 3459 298 3517 si
311 3477 414 3535 pergas
428 3460 554 3519 vivendo
568 3462 683 3521 vincere
699 3462 803 3536 saecla,
