2498 3894
129 209 191 273 106
444 222 675 277 suesanus
962 218 1027 288 [iv.

125 402 193 442 curn
209 383 352 442 iaciuntur
365 392 396 442 et
408 383 548 442 emissum
563 400 608 440 res
622 381 700 440 nulla
713 383 861 440 moratur?
981 399 1027 453 205

125 491 224 549 quone
238 473 320 532 vides
335 474 419 531 citius
433 473 541 531 debere
556 482 586 530 et
600 472 713 547 longius
728 473 768 529 ire

124 565 333 640 multiplexque
347 564 405 621 loci
420 565 545 638 spatium
559 573 751 621 transcurrere
766 561 875 620 eodem

124 664 256 730 tempore
271 673 330 730 quo
345 655 412 712 solis
427 654 597 729 pervolgant
610 653 719 710 lumina
733 653 867 709 caelum?

124 745 182 803 hoc
196 747 284 803 etiam
299 746 328 802 in
342 745 441 819 primis
456 745 607 819 specimen
621 761 722 800 verum
737 760 800 799 esse
814 741 929 800 videtur

123 853 212 910 quam
227 836 313 893 celeri
328 845 408 893 motu
422 853 518 891 rerum
533 834 684 890 simulacra
698 833 832 905 ferantur,
981 852 1029 889 210

123 924 206 1000 quod
220 926 305 983 simul
319 944 353 982 ac
368 926 495 1001 primum
510 925 564 982 sul)
579 924 629 981 diu
645 922 783 998 splendor
797 923 883 997 aquai

123 1017 249 1090 ponitur,
264 1017 412 1091 extemplo
427 1015 510 1073 caelo
525 1015 657 1072 stellante
672 1031 775 1070 serena

124 1106 219 1164 sidera
232 1106 412 1182 respondent
426 1107 456 1163 in
469 1124 545 1180 aqua
559 1103 701 1162 radiantia
716 1102 827 1161 mundi.

122 1196 220 1254 iamne
235 1196 316 1254 vides
330 1197 415 1271 igitur
429 1215 517 1270 quam
531 1206 642 1270 puncto
657 1204 789 1268 tempore
804 1194 900 1268 imago

122 1286 247 1345 aetheris
261 1305 298 1357 ex
311 1288 368 1344 oris
382 1287 412 1344 in
427 1296 565 1343 terrarum
580 1284 696 1342 accidat
710 1285 796 1342 oras?
980 1300 1026 1355 ²15

123 1394 212 1452 quare
227 1378 314 1435 etiam
328 1386 416 1452 atque
431 1378 518 1434 etiam
532 1376 604 1433 mira
619 1377 726 1433 fateare
740 1382 889 1432 necessest

122 1575 245 1632 corpora
259 1575 334 1632 quae
350 1556 451 1614 feriant
465 1556 566 1614 oeulos
580 1556 732 1630 visumque
746 1553 898 1612 lacessant.

120 1657 322 1723 perpetuoque
337 1647 429 1704 fluunt
443 1648 528 1704 certis
542 1646 579 1704 ab
593 1647 678 1704 rebus
693 1645 818 1717 odores3

100 1791 104 1798 .
121 1737 209 1811 frigus
223 1747 255 1794 ut
269 1756 286 1794 a
300 1737 401 1808 fluviis,
416 1737 496 1794 calor
510 1736 547 1794 ab
561 1737 631 1807 sole,
647 1746 743 1793 aestus
757 1737 795 1794 ab
809 1733 896 1794 undis

120 1829 255 1901 aequoris
270 1845 373 1883 exesor
387 1845 553 1884 moerorum
569 1826 652 1884 litora
666 1827 786 1884 circum.
980 1847 1028 1882 220

121 1936 177 1976 nec
191 1921 285 1976 variae
300 1929 415 1976 cessant
430 1937 518 1976 voces
532 1919 650 1976 volitare
666 1937 719 1994 per
732 1937 824 1976 auras.

121 2007 249 2084 denique
264 2009 293 2065 in
308 2028 340 2067 os
356 2010 421 2066 salsi
434 2010 514 2066 venit
528 2027 613 2066 umor
627 2028 715 2084 saepe
731 2010 850 2085 saporis,

119 2117 189 2156 cum
204 2118 282 2156 mare
297 2118 444 2156 versamur
457 2109 585 2173 propter,
602 2099 750 2174 dilutaque
766 2110 868 2158 contra

120 2207 188 2246 cum
203 2191 309 2247 tuimur
323 2190 438 2246 misceri
453 2191 604 2261 absinthia,
620 2192 711 2264 tangit
722 2209 845 2248 amaror.

119 2298 213 2354 usque
227 2279 304 2337 adeo
318 2280 454 2338 omnibus
469 2280 506 2337 ab
520 2281 606 2337 rebus
621 2298 666 2337 res
681 2299 815 2354 quaeque
831 2280 954 2339 fluenter
978 2298 1024 2352 225

120 2371 208 2428 fertur
222 2381 251 2428 et
265 2372 295 2427 in
310 2379 430 2427 cunctas
446 2370 598 2427 dimittitur
612 2370 743 2444 undique
758 2372 846 2446 partis

119 2478 175 2517 nec
190 2479 271 2518 mora
285 2479 341 2517 nec
355 2462 469 2535 requies
484 2460 643 2518 interdatur
658 2462 715 2517 ulla
729 2461 849 2532 fluendi,

119 2561 263 2625 perpetuo
278 2551 418 2624 quoniam
433 2552 583 2624 sentimus,
599 2560 629 2607 et
643 2552 741 2608 omnia
756 2569 872 2626 semper

119 2658 238 2698 cernere
253 2641 369 2699 odorari
383 2642 451 2698 licet
466 2652 494 2699 et
509 2643 615 2699 sentire
631 2660 744 2698 sonare.

160 2731 312 2788 Praeterea
326 2732 465 2804 quoniam
481 2732 615 2789 manibus
630 2741 750 2789 tractata
763 2729 854 2805 figura
976 2750 1024 2801 ²30

118 2819 149 2877 in
163 2822 289 2877 tenebris
304 2821 448 2895 quaedam
464 2822 650 2895 cognoscitur
664 2840 726 2878 esse
742 2821 846 2878 eadem
861 2837 937 2895 quac

119 2910 245 2966 cernitur
258 2912 287 2967 in
303 2911 367 2968 luce
382 2921 411 2968 et
426 2912 503 2968 claro
519 2911 657 2982 candore,
672 2920 824 2968 necessest

118 3000 262 3056 consimili
277 3019 365 3058 causa
378 3011 488 3058 tactum
503 3002 657 3076 visumque
672 3003 790 3059 moveri.

117 3106 197 3146 nunc
211 3089 295 3163 igitur
310 3090 333 3147 si
348 3091 521 3164 quadratum
536 3101 712 3166 temptamus
727 3102 757 3148 et
771 3090 801 3148 id
816 3110 871 3149 nos

118 3190 287 3237 commovet
301 3181 329 3236 in
346 3181 480 3253 tenebris,
496 3182 525 3237 in
540 3182 598 3238 luci
612 3200 686 3256 quae
701 3182 808 3256 poterit
822 3199 867 3239 res
976 3200 1023 3253 235

118 3269 252 3326 accidere
267 3269 306 3326 ad
320 3272 449 3344 speciem
465 3271 614 3345 quadrata,
631 3272 686 3330 nisi
701 3273 762 3330 eins
777 3272 895 3346 imago?

118 3376 182 3416 esse
196 3360 413 3434 inimaginibus
428 3371 607 3437 quapropter
621 3380 709 3421 causa
723 3361 837 3420 videtur

118 3448 260 3507 cernundi
275 3468 371 3525 neque
385 3469 472 3526 posse
487 3452 549 3510 sine
564 3452 608 3510 his
621 3471 667 3511 res
681 3453 739 3510 ulla
750 3452 852 3511 videri.
