<?xml version="1.0" encoding="UTF-8"?>
<!DOCTYPE html PUBLIC "-//W3C//DTD XHTML 1.0 Transitional//EN"
    "http://www.w3.org/TR/xhtml1/DTD/xhtml1-transitional.dtd">
<html xmlns="http://www.w3.org/1999/xhtml" xml:lang="en" lang="en">
 <head>
  <title>
</title>
<meta http-equiv="Content-Type" content="text/html;charset=utf-8" />
  <meta name='ocr-system' content='tesseract 3.04.00' />
  <meta name='ocr-capabilities' content='ocr_page ocr_carea ocr_par ocr_line ocrx_word'/>
</head>
<body>
  <div class='ocr_page' id='page_1' title='image "./tlucreticarider00kelsgoog_0275.png"; bbox 0 0 2498 3894; ppageno 0'>
   <div class='ocr_carea' id='block_1_1' title="bbox 121 237 1024 310">
    <p class='ocr_par' dir='ltr' id='par_1_1' title="bbox 121 237 1024 310">
     <span class='ocr_line' id='line_1_1' title="bbox 121 237 1024 310; baseline 0.002 -19"><span class='ocrx_word' id='word_1_1' title='bbox 121 242 186 291; x_wconf 89' lang='lat'>210</span> <span class='ocrx_word' id='word_1_2' title='bbox 456 238 688 294; x_wconf 75' lang='lat' dir='ltr'>rucnrrrus</span> <span class='ocrx_word' id='word_1_3' title='bbox 959 237 1024 310; x_wconf 86' lang='lat' dir='ltr'>[vr.</span> 
     </span>
    </p>
   </div>
   <div class='ocr_carea' id='block_1_2' title="bbox 118 397 1025 2007">
    <p class='ocr_par' dir='ltr' id='par_1_2' title="bbox 119 397 884 476">
     <span class='ocr_line' id='line_1_2' title="bbox 119 397 884 476; baseline -0.004 -15"><span class='ocrx_word' id='word_1_4' title='bbox 119 419 190 476; x_wconf 86' lang='lat' dir='ltr'>non,</span> <span class='ocrx_word' id='word_1_5' title='bbox 204 417 285 460; x_wconf 87' lang='lat' dir='ltr'>mare</span> <span class='ocrx_word' id='word_1_6' title='bbox 298 401 323 461; x_wconf 90' lang='lat' dir='ltr'>si</span> <span class='ocrx_word' id='word_1_7' title='bbox 336 409 430 460; x_wconf 86' lang='lat' dir='ltr'>totum</span> <span class='ocrx_word' id='word_1_8' title='bbox 443 401 513 460; x_wconf 89' lang='lat' dir='ltr'>velit</span> <span class='ocrx_word' id='word_1_9' title='bbox 527 401 623 459; x_wconf 92' lang='lat' dir='ltr'>eluere</span> <span class='ocrx_word' id='word_1_10' title='bbox 637 398 774 459; x_wconf 88' lang='lat' dir='ltr'>omnibus</span> <span class='ocrx_word' id='word_1_11' title='bbox 787 397 884 458; x_wconf 88' lang='lat' dir='ltr'>undis.</span> 
     </span>
    </p>

    <p class='ocr_par' dir='ltr' id='par_1_3' title="bbox 120 492 790 567">
     <span class='ocr_line' id='line_1_3' title="bbox 120 492 790 567; baseline -0.006 -16"><span class='ocrx_word' id='word_1_12' title='bbox 120 492 248 567; x_wconf 90' lang='lat' dir='ltr'>denique</span> <span class='ocrx_word' id='word_1_13' title='bbox 262 509 324 551; x_wconf 95' lang='lat' dir='ltr'>non</span> <span class='ocrx_word' id='word_1_14' title='bbox 337 510 408 550; x_wconf 88' lang='lat' dir='ltr'>auro</span> <span class='ocrx_word' id='word_1_15' title='bbox 421 509 467 550; x_wconf 92' lang='lat' dir='ltr'>res</span> <span class='ocrx_word' id='word_1_16' title='bbox 482 510 583 548; x_wconf 88' lang='lat' dir='ltr'>aurum</span> <span class='ocrx_word' id='word_1_17' title='bbox 597 492 717 566; x_wconf 92' lang='lat' dir='ltr'>copulat</span> <span class='ocrx_word' id='word_1_18' title='bbox 730 508 790 548; x_wconf 91' lang='lat' dir='ltr'>una</span> 
     </span>
    </p>

    <p class='ocr_par' dir='ltr' id='par_1_4' title="bbox 119 577 840 658">
     <span class='ocr_line' id='line_1_4' title="bbox 119 577 840 658; baseline -0.004 -17"><span class='ocrx_word' id='word_1_19' title='bbox 119 584 235 658; x_wconf 92' lang='lat' dir='ltr'>aerique</span> <span class='ocrx_word' id='word_1_20' title='bbox 250 600 300 640; x_wconf 90' lang='lat' dir='ltr'>aes</span> <span class='ocrx_word' id='word_1_21' title='bbox 314 582 435 656; x_wconf 91' lang='lat' dir='ltr'>plumbo</span> <span class='ocrx_word' id='word_1_22' title='bbox 450 583 483 639; x_wconf 86' lang='lat' dir='ltr'>fit</span> <span class='ocrx_word' id='word_1_23' title='bbox 496 582 538 638; x_wconf 87' lang='lat' dir='ltr'>uti</span> <span class='ocrx_word' id='word_1_24' title='bbox 552 582 686 655; x_wconf 88' lang='lat' dir='ltr'>iungatur</span> <span class='ocrx_word' id='word_1_25' title='bbox 700 581 737 639; x_wconf 89' lang='lat' dir='ltr'>ab</span> <span class='ocrx_word' id='word_1_26' title='bbox 751 577 840 638; x_wconf 84' lang='lat' dir='ltr'>albo?</span> 
     </span>
    </p>

    <p class='ocr_par' dir='ltr' id='par_1_5' title="bbox 119 670 1025 747">
     <span class='ocr_line' id='line_1_5' title="bbox 119 670 1025 747; baseline -0.001 -15"><span class='ocrx_word' id='word_1_27' title='bbox 119 683 216 732; x_wconf 89' lang='lat' dir='ltr'>cetera</span> <span class='ocrx_word' id='word_1_28' title='bbox 229 673 287 731; x_wconf 91' lang='lat' dir='ltr'>iam</span> <span class='ocrx_word' id='word_1_29' title='bbox 302 691 391 747; x_wconf 90' lang='lat' dir='ltr'>quam</span> <span class='ocrx_word' id='word_1_30' title='bbox 405 672 496 728; x_wconf 90' lang='lat' dir='ltr'>multa</span> <span class='ocrx_word' id='word_1_31' title='bbox 509 672 577 728; x_wconf 92' lang='lat' dir='ltr'>licet</span> <span class='ocrx_word' id='word_1_32' title='bbox 590 672 715 746; x_wconf 88' lang='lat' dir='ltr'>reperire</span> <span class='ocrx_word' id='word_1_33' title='bbox 730 673 735 728; x_wconf 84' lang='lat' dir='ltr'>l</span> <span class='ocrx_word' id='word_1_34' title='bbox 758 670 830 745; x_wconf 92' lang='lat' dir='ltr'>quid</span> <span class='ocrx_word' id='word_1_35' title='bbox 844 673 935 746; x_wconf 82' lang='lat' dir='ltr'>ergo?</span> <span class='ocrx_word' id='word_1_36' title='bbox 960 680 1025 731; x_wconf 88' lang='lat'>1080</span> 
     </span>
    </p>

    <p class='ocr_par' dir='ltr' id='par_1_6' title="bbox 118 761 903 836">
     <span class='ocr_line' id='line_1_6' title="bbox 118 761 903 836; baseline -0.005 -14"><span class='ocrx_word' id='word_1_37' title='bbox 118 781 175 822; x_wconf 88' lang='lat' dir='ltr'>nec</span> <span class='ocrx_word' id='word_1_38' title='bbox 189 763 241 822; x_wconf 85' lang='lat' dir='ltr'>tibi</span> <span class='ocrx_word' id='word_1_39' title='bbox 257 772 318 821; x_wconf 91' lang='lat' dir='ltr'>tam</span> <span class='ocrx_word' id='word_1_40' title='bbox 332 762 425 836; x_wconf 86' lang='lat' dir='ltr'>longis</span> <span class='ocrx_word' id='word_1_41' title='bbox 439 780 514 836; x_wconf 90' lang='lat' dir='ltr'>opus</span> <span class='ocrx_word' id='word_1_42' title='bbox 528 771 572 819; x_wconf 89' lang='lat' dir='ltr'>est</span> <span class='ocrx_word' id='word_1_43' title='bbox 585 761 756 835; x_wconf 86' lang='lat' dir='ltr'>ambagibus</span> <span class='ocrx_word' id='word_1_44' title='bbox 770 778 903 835; x_wconf 86' lang='lat' dir='ltr'>usquam,</span> 
     </span>
    </p>

    <p class='ocr_par' dir='ltr' id='par_1_7' title="bbox 118 848 968 927">
     <span class='ocr_line' id='line_1_7' title="bbox 118 848 968 927; baseline -0.001 -16"><span class='ocrx_word' id='word_1_45' title='bbox 118 871 175 912; x_wconf 88' lang='lat' dir='ltr'>nec</span> <span class='ocrx_word' id='word_1_46' title='bbox 189 871 237 911; x_wconf 90' lang='lat' dir='ltr'>me</span> <span class='ocrx_word' id='word_1_47' title='bbox 252 862 312 910; x_wconf 89' lang='lat' dir='ltr'>tam</span> <span class='ocrx_word' id='word_1_48' title='bbox 327 853 448 910; x_wconf 90' lang='lat' dir='ltr'>multam</span> <span class='ocrx_word' id='word_1_49' title='bbox 464 851 512 908; x_wconf 90' lang='lat' dir='ltr'>hic</span> <span class='ocrx_word' id='word_1_50' title='bbox 526 870 648 927; x_wconf 85' lang='lat' dir='ltr'>operam</span> <span class='ocrx_word' id='word_1_51' title='bbox 663 869 836 908; x_wconf 87' lang='lat' dir='ltr'>consumere</span> <span class='ocrx_word' id='word_1_52' title='bbox 850 848 902 925; x_wconf 87' lang='lat' dir='ltr'>par</span> <span class='ocrx_word' id='word_1_53' title='bbox 916 861 968 923; x_wconf 89' lang='lat' dir='ltr'>est,</span> 
     </span>
    </p>

    <p class='ocr_par' dir='ltr' id='par_1_8' title="bbox 119 938 903 1017">
     <span class='ocr_line' id='line_1_8' title="bbox 119 938 903 1017; baseline -0.004 -16"><span class='ocrx_word' id='word_1_54' title='bbox 119 943 171 1001; x_wconf 87' lang='lat' dir='ltr'>sed</span> <span class='ocrx_word' id='word_1_55' title='bbox 186 944 309 1001; x_wconf 89' lang='lat' dir='ltr'>breviter</span> <span class='ocrx_word' id='word_1_56' title='bbox 323 943 423 1017; x_wconf 88' lang='lat' dir='ltr'>paucis</span> <span class='ocrx_word' id='word_1_57' title='bbox 437 951 564 1016; x_wconf 87' lang='lat' dir='ltr'>praestat</span> <span class='ocrx_word' id='word_1_58' title='bbox 578 938 791 1016; x_wconf 90' lang='lat' dir='ltr'>comprendere</span> <span class='ocrx_word' id='word_1_59' title='bbox 806 941 903 998; x_wconf 81' lang='lat' dir='ltr'>multa.</span> 
     </span>
    </p>

    <p class='ocr_par' dir='ltr' id='par_1_9' title="bbox 119 1031 868 1107">
     <span class='ocr_line' id='line_1_9' title="bbox 119 1031 868 1107; baseline -0.004 -17"><span class='ocrx_word' id='word_1_60' title='bbox 119 1051 243 1107; x_wconf 92' lang='lat' dir='ltr'>quorum</span> <span class='ocrx_word' id='word_1_61' title='bbox 258 1034 298 1090; x_wconf 90' lang='lat' dir='ltr'>ita</span> <span class='ocrx_word' id='word_1_62' title='bbox 312 1041 442 1090; x_wconf 87' lang='lat' dir='ltr'>texturae</span> <span class='ocrx_word' id='word_1_63' title='bbox 457 1031 628 1088; x_wconf 89' lang='lat' dir='ltr'>ceciderunt</span> <span class='ocrx_word' id='word_1_64' title='bbox 642 1041 744 1088; x_wconf 91' lang='lat' dir='ltr'>mutua</span> <span class='ocrx_word' id='word_1_65' title='bbox 757 1040 868 1102; x_wconf 86' lang='lat' dir='ltr'>contra,</span> 
     </span>
    </p>

    <p class='ocr_par' dir='ltr' id='par_1_10' title="bbox 118 1120 1022 1196">
     <span class='ocr_line' id='line_1_10' title="bbox 118 1120 1022 1196; baseline -0.002 -16"><span class='ocrx_word' id='word_1_66' title='bbox 118 1133 151 1180; x_wconf 90' lang='lat' dir='ltr'>ut</span> <span class='ocrx_word' id='word_1_67' title='bbox 165 1141 236 1181; x_wconf 88' lang='lat' dir='ltr'>cava</span> <span class='ocrx_word' id='word_1_68' title='bbox 249 1123 424 1180; x_wconf 85' lang='lat' dir='ltr'>conveniant</span> <span class='ocrx_word' id='word_1_69' title='bbox 438 1121 532 1196; x_wconf 90' lang='lat' dir='ltr'>plenis</span> <span class='ocrx_word' id='word_1_70' title='bbox 548 1121 621 1178; x_wconf 88' lang='lat' dir='ltr'>haec</span> <span class='ocrx_word' id='word_1_71' title='bbox 636 1121 710 1178; x_wconf 91' lang='lat' dir='ltr'>illius</span> <span class='ocrx_word' id='word_1_72' title='bbox 724 1120 772 1178; x_wconf 92' lang='lat' dir='ltr'>illa</span> <span class='ocrx_word' id='word_1_73' title='bbox 959 1129 1022 1192; x_wconf 80' lang='lat'>1085</span> 
     </span>
    </p>

    <p class='ocr_par' dir='ltr' id='par_1_11' title="bbox 119 1211 905 1287">
     <span class='ocr_line' id='line_1_11' title="bbox 119 1211 905 1287; baseline -0.003 -17"><span class='ocrx_word' id='word_1_74' title='bbox 119 1212 262 1287; x_wconf 91' lang='lat' dir='ltr'>huiusque</span> <span class='ocrx_word' id='word_1_75' title='bbox 278 1214 353 1270; x_wconf 88' lang='lat' dir='ltr'>inter</span> <span class='ocrx_word' id='word_1_76' title='bbox 366 1231 407 1282; x_wconf 87' lang='lat' dir='ltr'>se,</span> <span class='ocrx_word' id='word_1_77' title='bbox 423 1213 554 1269; x_wconf 90' lang='lat' dir='ltr'>iunctura</span> <span class='ocrx_word' id='word_1_78' title='bbox 568 1211 641 1267; x_wconf 89' lang='lat' dir='ltr'>haec</span> <span class='ocrx_word' id='word_1_79' title='bbox 656 1211 769 1284; x_wconf 90' lang='lat' dir='ltr'>optima</span> <span class='ocrx_word' id='word_1_80' title='bbox 782 1219 905 1268; x_wconf 88' lang='lat' dir='ltr'>constat.</span> 
     </span>
    </p>

    <p class='ocr_par' dir='ltr' id='par_1_12' title="bbox 119 1300 816 1377">
     <span class='ocr_line' id='line_1_12' title="bbox 119 1300 816 1377; baseline -0.003 -17"><span class='ocrx_word' id='word_1_81' title='bbox 119 1313 162 1361; x_wconf 90' lang='lat' dir='ltr'>est</span> <span class='ocrx_word' id='word_1_82' title='bbox 176 1303 272 1374; x_wconf 87' lang='lat' dir='ltr'>etiam,</span> <span class='ocrx_word' id='word_1_83' title='bbox 287 1303 370 1377; x_wconf 88' lang='lat' dir='ltr'>quasi</span> <span class='ocrx_word' id='word_1_84' title='bbox 384 1312 416 1359; x_wconf 92' lang='lat' dir='ltr'>ut</span> <span class='ocrx_word' id='word_1_85' title='bbox 429 1302 528 1359; x_wconf 92' lang='lat' dir='ltr'>anellis</span> <span class='ocrx_word' id='word_1_86' title='bbox 544 1300 694 1374; x_wconf 85' lang='lat' dir='ltr'>hamisque</span> <span class='ocrx_word' id='word_1_87' title='bbox 709 1300 816 1374; x_wconf 89' lang='lat' dir='ltr'>plicata</span> 
     </span>
    </p>

    <p class='ocr_par' dir='ltr' id='par_1_13' title="bbox 119 1391 780 1467">
     <span class='ocr_line' id='line_1_13' title="bbox 119 1391 780 1467; baseline -0.005 -16"><span class='ocrx_word' id='word_1_88' title='bbox 119 1392 193 1451; x_wconf 88' lang='lat' dir='ltr'>inter</span> <span class='ocrx_word' id='word_1_89' title='bbox 206 1410 238 1450; x_wconf 90' lang='lat' dir='ltr'>se</span> <span class='ocrx_word' id='word_1_90' title='bbox 252 1391 396 1467; x_wconf 84' lang='lat' dir='ltr'>quaedam</span> <span class='ocrx_word' id='word_1_91' title='bbox 413 1393 525 1466; x_wconf 92' lang='lat' dir='ltr'>possint</span> <span class='ocrx_word' id='word_1_92' title='bbox 539 1391 656 1464; x_wconf 87' lang='lat' dir='ltr'>coplata</span> <span class='ocrx_word' id='word_1_93' title='bbox 669 1391 780 1462; x_wconf 88' lang='lat' dir='ltr'>teneri;</span> 
     </span>
    </p>

    <p class='ocr_par' dir='ltr' id='par_1_14' title="bbox 119 1478 1022 1646">
     <span class='ocr_line' id='line_1_14' title="bbox 119 1478 1000 1557; baseline -0.003 -17"><span class='ocrx_word' id='word_1_94' title='bbox 119 1482 201 1557; x_wconf 92' lang='lat' dir='ltr'>quod</span> <span class='ocrx_word' id='word_1_95' title='bbox 215 1483 306 1557; x_wconf 87' lang='lat' dir='ltr'>magis</span> <span class='ocrx_word' id='word_1_96' title='bbox 320 1483 350 1539; x_wconf 94' lang='lat' dir='ltr'>in</span> <span class='ocrx_word' id='word_1_97' title='bbox 364 1481 461 1556; x_wconf 87' lang='lat' dir='ltr'>lapide</span> <span class='ocrx_word' id='word_1_98' title='bbox 476 1482 534 1538; x_wconf 90' lang='lat' dir='ltr'>hoc</span> <span class='ocrx_word' id='word_1_99' title='bbox 552 1481 613 1537; x_wconf 88' lang='lat' dir='ltr'>fieri</span> <span class='ocrx_word' id='word_1_100' title='bbox 628 1481 762 1554; x_wconf 84' lang='lat' dir='ltr'>ferroque</span> <span class='ocrx_word' id='word_1_101' title='bbox 776 1478 898 1538; x_wconf 91' lang='lat' dir='ltr'>videtur.</span> <span class='ocrx_word' id='word_1_102' title='bbox 997 1523 1000 1526; x_wconf 85' lang='lat'><em>-</em></span> 
     </span>
     <span class='ocr_line' id='line_1_15' title="bbox 159 1569 1022 1646; baseline -0.001 -17"><span class='ocrx_word' id='word_1_103' title='bbox 159 1573 248 1630; x_wconf 91' lang='lat' dir='ltr'>Nunc</span> <span class='ocrx_word' id='word_1_104' title='bbox 261 1573 334 1629; x_wconf 91' lang='lat' dir='ltr'>ratio</span> <span class='ocrx_word' id='word_1_105' title='bbox 349 1589 424 1646; x_wconf 92' lang='lat' dir='ltr'>quae</span> <span class='ocrx_word' id='word_1_106' title='bbox 439 1572 474 1628; x_wconf 93' lang='lat' dir='ltr'>sit</span> <span class='ocrx_word' id='word_1_107' title='bbox 485 1571 594 1628; x_wconf 86' lang='lat' dir='ltr'>morbis</span> <span class='ocrx_word' id='word_1_108' title='bbox 608 1580 658 1628; x_wconf 93' lang='lat' dir='ltr'>aut</span> <span class='ocrx_word' id='word_1_109' title='bbox 671 1569 751 1627; x_wconf 89' lang='lat' dir='ltr'>unde</span> <span class='ocrx_word' id='word_1_110' title='bbox 765 1580 885 1645; x_wconf 90' lang='lat' dir='ltr'>repente</span> <span class='ocrx_word' id='word_1_111' title='bbox 958 1593 1022 1645; x_wconf 88' lang='lat'>1090</span> 
     </span>
    </p>

    <p class='ocr_par' dir='ltr' id='par_1_15' title="bbox 119 1659 788 1736">
     <span class='ocr_line' id='line_1_16' title="bbox 119 1659 788 1736; baseline -0.004 -17"><span class='ocrx_word' id='word_1_112' title='bbox 119 1663 295 1719; x_wconf 83' lang='lat' dir='ltr'>mortiferam</span> <span class='ocrx_word' id='word_1_113' title='bbox 310 1662 401 1736; x_wconf 91' lang='lat' dir='ltr'>possit</span> <span class='ocrx_word' id='word_1_114' title='bbox 415 1659 530 1718; x_wconf 91' lang='lat' dir='ltr'>cladem</span> <span class='ocrx_word' id='word_1_115' title='bbox 546 1660 672 1718; x_wconf 88' lang='lat' dir='ltr'>conflare</span> <span class='ocrx_word' id='word_1_116' title='bbox 687 1669 788 1717; x_wconf 88' lang='lat' dir='ltr'>coorta</span> 
     </span>
    </p>

    <p class='ocr_par' dir='ltr' id='par_1_16' title="bbox 118 1749 996 1826">
     <span class='ocr_line' id='line_1_17' title="bbox 118 1749 996 1826; baseline 0.001 -17"><span class='ocrx_word' id='word_1_117' title='bbox 118 1751 254 1811; x_wconf 93' lang='lat' dir='ltr'>morbida</span> <span class='ocrx_word' id='word_1_118' title='bbox 267 1752 309 1809; x_wconf 94' lang='lat' dir='ltr'>vis</span> <span class='ocrx_word' id='word_1_119' title='bbox 324 1751 476 1808; x_wconf 92' lang='lat' dir='ltr'>hominurn</span> <span class='ocrx_word' id='word_1_120' title='bbox 491 1752 591 1826; x_wconf 88' lang='lat' dir='ltr'>generi</span> <span class='ocrx_word' id='word_1_121' title='bbox 604 1749 814 1825; x_wconf 87' lang='lat' dir='ltr'>pecudumque</span> <span class='ocrx_word' id='word_1_122' title='bbox 829 1751 959 1824; x_wconf 89' lang='lat' dir='ltr'>catervis,</span> <span class='ocrx_word' id='word_1_123' title='bbox 990 1793 996 1798; x_wconf 91' lang='lat'>-</span> 
     </span>
    </p>

    <p class='ocr_par' dir='ltr' id='par_1_17' title="bbox 119 1841 828 1916">
     <span class='ocr_line' id='line_1_18' title="bbox 119 1841 828 1916; baseline -0.001 -17"><span class='ocrx_word' id='word_1_124' title='bbox 119 1842 283 1916; x_wconf 84' lang='lat' dir='ltr'>expediam.</span> <span class='ocrx_word' id='word_1_125' title='bbox 299 1842 424 1916; x_wconf 92' lang='lat' dir='ltr'>primum</span> <span class='ocrx_word' id='word_1_126' title='bbox 439 1842 592 1899; x_wconf 89' lang='lat' dir='ltr'>multarum</span> <span class='ocrx_word' id='word_1_127' title='bbox 608 1841 719 1898; x_wconf 91' lang='lat' dir='ltr'>semina</span> <span class='ocrx_word' id='word_1_128' title='bbox 731 1858 828 1898; x_wconf 90' lang='lat' dir='ltr'>rerum</span> 
     </span>
    </p>

    <p class='ocr_par' dir='ltr' id='par_1_18' title="bbox 119 1930 763 2007">
     <span class='ocr_line' id='line_1_19' title="bbox 119 1930 763 2007; baseline 0 -18"><span class='ocrx_word' id='word_1_129' title='bbox 119 1950 182 1990; x_wconf 90' lang='lat' dir='ltr'>esse</span> <span class='ocrx_word' id='word_1_130' title='bbox 197 1951 283 2007; x_wconf 91' lang='lat' dir='ltr'>supra</span> <span class='ocrx_word' id='word_1_131' title='bbox 297 1931 386 1988; x_wconf 93' lang='lat' dir='ltr'>docui</span> <span class='ocrx_word' id='word_1_132' title='bbox 401 1949 476 2005; x_wconf 88' lang='lat' dir='ltr'>quae</span> <span class='ocrx_word' id='word_1_133' title='bbox 491 1932 547 1989; x_wconf 91' lang='lat' dir='ltr'>sint</span> <span class='ocrx_word' id='word_1_134' title='bbox 561 1932 657 1988; x_wconf 90' lang='lat' dir='ltr'>vitalia</span> <span class='ocrx_word' id='word_1_135' title='bbox 670 1930 763 2000; x_wconf 92' lang='lat' dir='ltr'>nobis,</span> 
     </span>
    </p>
   </div>
   <div class='ocr_carea' id='block_1_3' title="bbox 117 2022 1022 2636">
    <p class='ocr_par' dir='ltr' id='par_1_19' title="bbox 118 2022 1019 2169">
     <span class='ocr_line' id='line_1_20' title="bbox 118 2022 1019 2096; baseline -0.002 -17"><span class='ocrx_word' id='word_1_136' title='bbox 118 2032 149 2079; x_wconf 90' lang='lat' dir='ltr'>et</span> <span class='ocrx_word' id='word_1_137' title='bbox 163 2032 264 2080; x_wconf 92' lang='lat' dir='ltr'>contra</span> <span class='ocrx_word' id='word_1_138' title='bbox 278 2039 353 2096; x_wconf 90' lang='lat' dir='ltr'>quae</span> <span class='ocrx_word' id='word_1_139' title='bbox 368 2022 424 2079; x_wconf 91' lang='lat' dir='ltr'>sint</span> <span class='ocrx_word' id='word_1_140' title='bbox 439 2022 542 2078; x_wconf 90' lang='lat' dir='ltr'>morbo</span> <span class='ocrx_word' id='word_1_141' title='bbox 557 2023 700 2094; x_wconf 90' lang='lat' dir='ltr'>mortique</span> <span class='ocrx_word' id='word_1_142' title='bbox 715 2029 864 2078; x_wconf 88' lang='lat' dir='ltr'>necessest</span> <span class='ocrx_word' id='word_1_143' title='bbox 957 2039 1019 2093; x_wconf 85' lang='lat'>1095</span> 
     </span>
     <span class='ocr_line' id='line_1_21' title="bbox 118 2111 829 2169; baseline -0.001 -1"><span class='ocrx_word' id='word_1_144' title='bbox 118 2113 207 2169; x_wconf 92' lang='lat' dir='ltr'>multa</span> <span class='ocrx_word' id='word_1_145' title='bbox 221 2113 326 2169; x_wconf 88' lang='lat' dir='ltr'>volare.</span> <span class='ocrx_word' id='word_1_146' title='bbox 342 2131 458 2169; x_wconf 80' lang='lat' dir='ltr'>cacum</span> <span class='ocrx_word' id='word_1_147' title='bbox 474 2130 542 2168; x_wconf 90' lang='lat' dir='ltr'>casu</span> <span class='ocrx_word' id='word_1_148' title='bbox 558 2120 625 2168; x_wconf 94' lang='lat' dir='ltr'>sunt</span> <span class='ocrx_word' id='word_1_149' title='bbox 639 2111 712 2168; x_wconf 83' lang='lat' dir='ltr'>forte</span> <span class='ocrx_word' id='word_1_150' title='bbox 727 2120 829 2168; x_wconf 89' lang='lat' dir='ltr'>coorta</span> 
     </span>
    </p>

    <p class='ocr_par' dir='ltr' id='par_1_20' title="bbox 118 2200 780 2276">
     <span class='ocr_line' id='line_1_22' title="bbox 118 2200 780 2276; baseline -0.005 -17"><span class='ocrx_word' id='word_1_151' title='bbox 118 2211 148 2259; x_wconf 89' lang='lat' dir='ltr'>et</span> <span class='ocrx_word' id='word_1_152' title='bbox 161 2203 362 2276; x_wconf 89' lang='lat' dir='ltr'>perturbarunt</span> <span class='ocrx_word' id='word_1_153' title='bbox 376 2202 498 2271; x_wconf 88' lang='lat' dir='ltr'>caelum,</span> <span class='ocrx_word' id='word_1_154' title='bbox 514 2202 546 2258; x_wconf 88' lang='lat' dir='ltr'>fit</span> <span class='ocrx_word' id='word_1_155' title='bbox 560 2200 708 2258; x_wconf 90' lang='lat' dir='ltr'>morbidus</span> <span class='ocrx_word' id='word_1_156' title='bbox 722 2203 780 2257; x_wconf 72' lang='lat' dir='ltr'>aer.</span> 
     </span>
    </p>

    <p class='ocr_par' dir='ltr' id='par_1_21' title="bbox 118 2291 819 2366">
     <span class='ocr_line' id='line_1_23' title="bbox 118 2291 819 2366; baseline -0.003 -18"><span class='ocrx_word' id='word_1_157' title='bbox 118 2302 205 2366; x_wconf 89' lang='lat' dir='ltr'>atque</span> <span class='ocrx_word' id='word_1_158' title='bbox 221 2310 256 2348; x_wconf 89' lang='lat' dir='ltr'>ea</span> <span class='ocrx_word' id='word_1_159' title='bbox 269 2292 312 2348; x_wconf 92' lang='lat' dir='ltr'>vis</span> <span class='ocrx_word' id='word_1_160' title='bbox 326 2292 421 2348; x_wconf 91' lang='lat' dir='ltr'>omnis</span> <span class='ocrx_word' id='word_1_161' title='bbox 437 2291 604 2348; x_wconf 88' lang='lat' dir='ltr'>morborum</span> <span class='ocrx_word' id='word_1_162' title='bbox 620 2291 819 2364; x_wconf 87' lang='lat' dir='ltr'>pestilitasque</span> 
     </span>
    </p>

    <p class='ocr_par' dir='ltr' id='par_1_22' title="bbox 118 2380 850 2453">
     <span class='ocr_line' id='line_1_24' title="bbox 118 2380 850 2453; baseline -0.003 -15"><span class='ocrx_word' id='word_1_163' title='bbox 118 2392 167 2438; x_wconf 92' lang='lat' dir='ltr'>aut</span> <span class='ocrx_word' id='word_1_164' title='bbox 181 2382 360 2438; x_wconf 88' lang='lat' dir='ltr'>extrinsecus</span> <span class='ocrx_word' id='word_1_165' title='bbox 375 2392 406 2438; x_wconf 92' lang='lat' dir='ltr'>ut</span> <span class='ocrx_word' id='word_1_166' title='bbox 419 2382 513 2438; x_wconf 92' lang='lat' dir='ltr'>nubes</span> <span class='ocrx_word' id='word_1_167' title='bbox 527 2380 710 2453; x_wconf 87' lang='lat' dir='ltr'>nebulaeque</span> <span class='ocrx_word' id='word_1_168' title='bbox 725 2397 850 2453; x_wconf 89' lang='lat' dir='ltr'>superne</span> 
     </span>
    </p>

    <p class='ocr_par' dir='ltr' id='par_1_23' title="bbox 117 2471 1022 2636">
     <span class='ocr_line' id='line_1_25' title="bbox 117 2471 1022 2545; baseline -0.002 -17"><span class='ocrx_word' id='word_1_169' title='bbox 117 2489 170 2545; x_wconf 88' lang='lat' dir='ltr'>per</span> <span class='ocrx_word' id='word_1_170' title='bbox 184 2473 296 2529; x_wconf 91' lang='lat' dir='ltr'>caelum</span> <span class='ocrx_word' id='word_1_171' title='bbox 310 2472 440 2541; x_wconf 88' lang='lat' dir='ltr'>veniunt,</span> <span class='ocrx_word' id='word_1_172' title='bbox 455 2480 504 2527; x_wconf 90' lang='lat' dir='ltr'>aut</span> <span class='ocrx_word' id='word_1_173' title='bbox 518 2471 581 2544; x_wconf 91' lang='lat' dir='ltr'>ipsa</span> <span class='ocrx_word' id='word_1_174' title='bbox 595 2488 683 2544; x_wconf 89' lang='lat' dir='ltr'>saepe</span> <span class='ocrx_word' id='word_1_175' title='bbox 698 2479 817 2527; x_wconf 88' lang='lat' dir='ltr'>coortae</span> <span class='ocrx_word' id='word_1_176' title='bbox 958 2491 1022 2527; x_wconf 90' lang='lat'>1100</span> 
     </span>
     <span class='ocr_line' id='line_1_26' title="bbox 118 2559 844 2636; baseline -0.003 -18"><span class='ocrx_word' id='word_1_177' title='bbox 118 2560 156 2618; x_wconf 91' lang='lat' dir='ltr'>de</span> <span class='ocrx_word' id='word_1_178' title='bbox 171 2571 246 2618; x_wconf 90' lang='lat' dir='ltr'>terra</span> <span class='ocrx_word' id='word_1_179' title='bbox 259 2571 388 2636; x_wconf 85' lang='lat' dir='ltr'>surgunt,</span> <span class='ocrx_word' id='word_1_180' title='bbox 403 2562 453 2618; x_wconf 92' lang='lat' dir='ltr'>ubi</span> <span class='ocrx_word' id='word_1_181' title='bbox 468 2570 602 2634; x_wconf 91' lang='lat' dir='ltr'>putorem</span> <span class='ocrx_word' id='word_1_182' title='bbox 617 2559 718 2617; x_wconf 89' lang='lat' dir='ltr'>umida</span> <span class='ocrx_word' id='word_1_183' title='bbox 731 2568 844 2617; x_wconf 85' lang='lat' dir='ltr'>nactast</span> 
     </span>
    </p>
   </div>
   <div class='ocr_carea' id='block_1_4' title="bbox 116 2650 1022 3534">
    <p class='ocr_par' dir='ltr' id='par_1_24' title="bbox 117 2650 749 2725">
     <span class='ocr_line' id='line_1_27' title="bbox 117 2650 749 2725; baseline -0.003 -17"><span class='ocrx_word' id='word_1_184' title='bbox 117 2652 327 2725; x_wconf 85' lang='lat' dir='ltr'>intempestivis</span> <span class='ocrx_word' id='word_1_185' title='bbox 341 2652 501 2725; x_wconf 88' lang='lat' dir='ltr'>pluviisque</span> <span class='ocrx_word' id='word_1_186' title='bbox 517 2660 546 2707; x_wconf 89' lang='lat' dir='ltr'>et</span> <span class='ocrx_word' id='word_1_187' title='bbox 560 2650 669 2707; x_wconf 90' lang='lat' dir='ltr'>solibus</span> <span class='ocrx_word' id='word_1_188' title='bbox 683 2651 749 2707; x_wconf 90' lang='lat' dir='ltr'>icta.</span> 
     </span>
    </p>

    <p class='ocr_par' dir='ltr' id='par_1_25' title="bbox 116 2740 843 2813">
     <span class='ocr_line' id='line_1_28' title="bbox 116 2740 843 2813; baseline 0 -16"><span class='ocrx_word' id='word_1_189' title='bbox 116 2759 216 2798; x_wconf 92' lang='lat' dir='ltr'>nonne</span> <span class='ocrx_word' id='word_1_190' title='bbox 230 2740 312 2798; x_wconf 90' lang='lat' dir='ltr'>vides</span> <span class='ocrx_word' id='word_1_191' title='bbox 327 2742 414 2798; x_wconf 83' lang='lat' dir='ltr'>etiam</span> <span class='ocrx_word' id='word_1_192' title='bbox 429 2741 501 2797; x_wconf 90' lang='lat' dir='ltr'>caeli</span> <span class='ocrx_word' id='word_1_193' title='bbox 516 2741 645 2797; x_wconf 85' lang='lat' dir='ltr'>novitate</span> <span class='ocrx_word' id='word_1_194' title='bbox 660 2750 690 2797; x_wconf 90' lang='lat' dir='ltr'>et</span> <span class='ocrx_word' id='word_1_195' title='bbox 703 2757 843 2813; x_wconf 90' lang='lat' dir='ltr'>aquarum</span> 
     </span>
    </p>

    <p class='ocr_par' dir='ltr' id='par_1_26' title="bbox 117 2824 1021 3083">
     <span class='ocr_line' id='line_1_29' title="bbox 117 2824 894 2905; baseline -0.001 -17"><span class='ocrx_word' id='word_1_196' title='bbox 117 2831 252 2905; x_wconf 89' lang='lat' dir='ltr'>temptari</span> <span class='ocrx_word' id='word_1_197' title='bbox 267 2832 369 2905; x_wconf 91' lang='lat' dir='ltr'>procul</span> <span class='ocrx_word' id='word_1_198' title='bbox 383 2849 401 2887; x_wconf 93' lang='lat' dir='ltr'>a</span> <span class='ocrx_word' id='word_1_199' title='bbox 414 2830 505 2905; x_wconf 87' lang='lat' dir='ltr'>patria</span> <span class='ocrx_word' id='word_1_200' title='bbox 519 2831 698 2904; x_wconf 88' lang='lat' dir='ltr'>quicumque</span> <span class='ocrx_word' id='word_1_201' title='bbox 713 2828 862 2904; x_wconf 92' lang='lat' dir='ltr'>domoque</span> <span class='ocrx_word' id='word_1_202' title='bbox 892 2824 894 2827; x_wconf 67' lang='grc'><strong>’</strong></span> 
     </span>
     <span class='ocr_line' id='line_1_30' title="bbox 117 2919 1021 2994; baseline -0.002 -17"><span class='ocrx_word' id='word_1_203' title='bbox 117 2919 275 2977; x_wconf 89' lang='lat' dir='ltr'>adveniunt</span> <span class='ocrx_word' id='word_1_204' title='bbox 288 2920 356 2978; x_wconf 92' lang='lat' dir='ltr'>ideo</span> <span class='ocrx_word' id='word_1_205' title='bbox 371 2921 438 2994; x_wconf 91' lang='lat' dir='ltr'>quia</span> <span class='ocrx_word' id='word_1_206' title='bbox 451 2920 538 2994; x_wconf 85' lang='lat' dir='ltr'>longe</span> <span class='ocrx_word' id='word_1_207' title='bbox 553 2919 742 2994; x_wconf 91' lang='lat' dir='ltr'>discrepitant</span> <span class='ocrx_word' id='word_1_208' title='bbox 755 2921 822 2978; x_wconf 83' lang='lat' dir='ltr'>res?</span> <span class='ocrx_word' id='word_1_209' title='bbox 958 2937 1021 2991; x_wconf 76' lang='lat'>¹103</span> 
     </span>
     <span class='ocr_line' id='line_1_31' title="bbox 117 3010 845 3083; baseline -0.003 -16"><span class='ocrx_word' id='word_1_210' title='bbox 117 3028 187 3067; x_wconf 92' lang='lat' dir='ltr'>nam</span> <span class='ocrx_word' id='word_1_211' title='bbox 202 3010 274 3083; x_wconf 93' lang='lat' dir='ltr'>quid</span> <span class='ocrx_word' id='word_1_212' title='bbox 288 3010 429 3067; x_wconf 87' lang='lat' dir='ltr'>Brittanni</span> <span class='ocrx_word' id='word_1_213' title='bbox 444 3010 557 3067; x_wconf 89' lang='lat' dir='ltr'>caelum</span> <span class='ocrx_word' id='word_1_214' title='bbox 572 3010 685 3068; x_wconf 88' lang='lat' dir='ltr'>differre</span> <span class='ocrx_word' id='word_1_215' title='bbox 700 3019 845 3083; x_wconf 75' lang='lat' dir='ltr'>putamus</span> 
     </span>
    </p>

    <p class='ocr_par' dir='ltr' id='par_1_27' title="bbox 116 3096 966 3354">
     <span class='ocr_line' id='line_1_32' title="bbox 118 3096 926 3174; baseline -0.002 -18"><span class='ocrx_word' id='word_1_216' title='bbox 118 3109 148 3156; x_wconf 90' lang='lat' dir='ltr'>et</span> <span class='ocrx_word' id='word_1_217' title='bbox 162 3099 244 3174; x_wconf 90' lang='lat' dir='ltr'>quod</span> <span class='ocrx_word' id='word_1_218' title='bbox 259 3101 287 3156; x_wconf 93' lang='lat' dir='ltr'>in</span> <span class='ocrx_word' id='word_1_219' title='bbox 302 3103 435 3174; x_wconf 85' lang='lat' dir='ltr'>Aegypto</span> <span class='ocrx_word' id='word_1_220' title='bbox 450 3109 494 3156; x_wconf 89' lang='lat' dir='ltr'>est</span> <span class='ocrx_word' id='word_1_221' title='bbox 508 3118 567 3174; x_wconf 92' lang='lat' dir='ltr'>qua</span> <span class='ocrx_word' id='word_1_222' title='bbox 580 3098 682 3157; x_wconf 91' lang='lat' dir='ltr'>mundi</span> <span class='ocrx_word' id='word_1_223' title='bbox 697 3097 842 3156; x_wconf 87' lang='lat' dir='ltr'>claudicat</span> <span class='ocrx_word' id='word_1_224' title='bbox 855 3096 926 3168; x_wconf 87' lang='lat' dir='ltr'>axis,</span> 
     </span>
     <span class='ocr_line' id='line_1_33' title="bbox 118 3187 966 3264; baseline -0.002 -19"><span class='ocrx_word' id='word_1_225' title='bbox 118 3189 226 3262; x_wconf 86' lang='lat' dir='ltr'>quidve</span> <span class='ocrx_word' id='word_1_226' title='bbox 242 3190 322 3264; x_wconf 91' lang='lat' dir='ltr'>quod</span> <span class='ocrx_word' id='word_1_227' title='bbox 337 3191 365 3246; x_wconf 92' lang='lat' dir='ltr'>in</span> <span class='ocrx_word' id='word_1_228' title='bbox 382 3191 476 3246; x_wconf 89' lang='lat' dir='ltr'>Ponto</span> <span class='ocrx_word' id='word_1_229' title='bbox 491 3200 535 3247; x_wconf 86' lang='lat' dir='ltr'>est</span> <span class='ocrx_word' id='word_1_230' title='bbox 550 3189 672 3261; x_wconf 84' lang='lat' dir='ltr'>differre,</span> <span class='ocrx_word' id='word_1_231' title='bbox 688 3199 717 3245; x_wconf 92' lang='lat' dir='ltr'>et</span> <span class='ocrx_word' id='word_1_232' title='bbox 732 3187 863 3246; x_wconf 90' lang='lat' dir='ltr'>Gadibus</span> <span class='ocrx_word' id='word_1_233' title='bbox 877 3197 966 3261; x_wconf 90' lang='lat' dir='ltr'>atque</span> 
     </span>
     <span class='ocr_line' id='line_1_34' title="bbox 116 3278 858 3354; baseline 0 -18"><span class='ocrx_word' id='word_1_234' title='bbox 116 3298 210 3354; x_wconf 89' lang='lat' dir='ltr'>usque</span> <span class='ocrx_word' id='word_1_235' title='bbox 224 3279 262 3336; x_wconf 90' lang='lat' dir='ltr'>ad</span> <span class='ocrx_word' id='word_1_236' title='bbox 276 3280 357 3353; x_wconf 84' lang='lat' dir='ltr'>nigra</span> <span class='ocrx_word' id='word_1_237' title='bbox 370 3280 461 3336; x_wconf 90' lang='lat' dir='ltr'>virum</span> <span class='ocrx_word' id='word_1_238' title='bbox 476 3289 616 3353; x_wconf 90' lang='lat' dir='ltr'>percocto</span> <span class='ocrx_word' id='word_1_239' title='bbox 631 3278 726 3336; x_wconf 89' lang='lat' dir='ltr'>saecla</span> <span class='ocrx_word' id='word_1_240' title='bbox 739 3278 858 3336; x_wconf 85' lang='lat' dir='ltr'>colore?</span> 
     </span>
    </p>

    <p class='ocr_par' dir='ltr' id='par_1_28' title="bbox 117 3368 1022 3534">
     <span class='ocr_line' id='line_1_35' title="bbox 117 3368 1022 3443; baseline -0.002 -17"><span class='ocrx_word' id='word_1_241' title='bbox 117 3387 194 3443; x_wconf 84' lang='lat' dir='ltr'>quae</span> <span class='ocrx_word' id='word_1_242' title='bbox 211 3388 279 3426; x_wconf 90' lang='lat' dir='ltr'>cum</span> <span class='ocrx_word' id='word_1_243' title='bbox 293 3379 431 3443; x_wconf 91' lang='lat' dir='ltr'>quattuor</span> <span class='ocrx_word' id='word_1_244' title='bbox 451 3370 526 3427; x_wconf 92' lang='lat' dir='ltr'>inter</span> <span class='ocrx_word' id='word_1_245' title='bbox 540 3388 571 3427; x_wconf 91' lang='lat' dir='ltr'>se</span> <span class='ocrx_word' id='word_1_246' title='bbox 586 3369 699 3426; x_wconf 89' lang='lat' dir='ltr'>diversa</span> <span class='ocrx_word' id='word_1_247' title='bbox 712 3368 846 3425; x_wconf 89' lang='lat' dir='ltr'>videmus</span> <span class='ocrx_word' id='word_1_248' title='bbox 957 3386 1022 3424; x_wconf 91' lang='lat'>1110</span> 
     </span>
     <span class='ocr_line' id='line_1_36' title="bbox 118 3459 750 3534; baseline 0 -18"><span class='ocrx_word' id='word_1_249' title='bbox 118 3469 254 3534; x_wconf 89' lang='lat' dir='ltr'>quattuor</span> <span class='ocrx_word' id='word_1_250' title='bbox 267 3477 285 3516; x_wconf 92' lang='lat' dir='ltr'>a</span> <span class='ocrx_word' id='word_1_251' title='bbox 298 3459 390 3516; x_wconf 91' lang='lat' dir='ltr'>ventis</span> <span class='ocrx_word' id='word_1_252' title='bbox 405 3467 435 3517; x_wconf 89' lang='lat' dir='ltr'>et</span> <span class='ocrx_word' id='word_1_253' title='bbox 448 3460 522 3517; x_wconf 90' lang='lat' dir='ltr'>caeli</span> <span class='ocrx_word' id='word_1_254' title='bbox 535 3460 664 3534; x_wconf 87' lang='lat' dir='ltr'>partibus</span> <span class='ocrx_word' id='word_1_255' title='bbox 678 3476 750 3530; x_wconf 87' lang='lat' dir='ltr'>esse,</span> 
     </span>
    </p>
   </div>
   <div class='ocr_carea' id='block_1_5' title="bbox 0 0 1254 3894">
    <p class='ocr_par' dir='ltr' id='par_1_29' title="bbox 0 0 1254 3894">
     <span class='ocr_line' id='line_1_37' title="bbox 0 0 1254 3894; baseline 0 0"><span class='ocrx_word' id='word_1_256' title='bbox 0 0 1254 3894; x_wconf 95' lang='lat' dir='ltr'> </span> 
     </span>
    </p>
   </div>
  </div>
 </body>
</html>
