2498 3894
176 205 242 277 Vl.]
418 205 474 260 DE
498 206 646 260 RERUM
672 205 845 261 NATURA
1017 210 1082 276 209

217 322 267 422 Fit
276 382 394 440 quoque
409 373 442 423 ut
455 383 473 422 a
485 363 583 440 lapide
597 365 656 423 hoc
670 365 736 437 sern'
748 374 851 424 natura
864 365 986 427 recedat

88 531 90 536 Α
175 454 331 526 interdum,
347 455 445 530 sugere
461 465 548 530 atque
563 456 646 530 sequi
660 465 802 514 consueta
814 456 949 515 vicissim.

176 545 303 602 exultare
318 546 406 602 etiam
421 545 619 603 Samothracia
633 546 725 603 ferrea
738 545 799 604 vidi

176 645 206 693 et
220 644 350 692 ramenta
364 635 449 692 simul
462 636 528 692 ferri
541 635 634 692 furere
650 636 726 693 intus
741 636 842 694 ahenis
1018 654 1079 708 1045

176 725 206 782 in
220 725 355 800 scaphiis,
370 725 442 799 lapis
457 725 504 782 hic
519 727 644 799 Magnes
659 744 727 783 cum
741 724 874 783 subditus
889 736 983 785 esset:

175 833 268 890 usque
283 814 359 872 adeo
373 816 473 889 fugere
488 815 524 872 ab
539 833 609 872 saxo
623 816 728 890 gestire
742 815 864 873 videtur.

175 923 242 962 aere
257 906 430 979 interposito
445 905 593 962 discordia
607 914 687 962 tanta
700 915 814 963 creatur

175 1006 329 1071 propterea
343 996 412 1070 quia
425 996 560 1052 nimirum
574 996 653 1069 prius
667 1006 763 1053 aestus
777 996 827 1054 ubi
840 997 915 1054 aeris

175 1087 325 1161 praecepit
339 1086 464 1159 ferrique
478 1085 538 1142 via's
553 1085 684 1159 possedit
698 1095 820 1157 apertas,
1020 1105 1082 1158 1050

177 1177 320 1250 posterior
333 1175 437 1250 lapidis
452 1176 531 1232 venit
545 1185 642 1232 aestus
657 1185 686 1232 et
700 1177 799 1233 omnia
813 1175 901 1250 plena

175 1266 285 1324 invenit
299 1267 329 1323 in
344 1267 418 1323 serro
432 1283 528 1339 neque
544 1265 632 1323 habet
646 1282 704 1339 qua
717 1275 811 1322 tranet
826 1275 858 1322 ut
873 1275 951 1325 ante.

176 1357 289 1430 cogitur
303 1357 445 1413 offensare
459 1356 545 1429 igitur
557 1355 730 1429 pulsareque
744 1355 833 1412 fluctu

175 1446 267 1503 ferrea
281 1456 360 1503 texta
373 1464 426 1503 suo
439 1465 446 1517 ;
468 1463 527 1519 quo
542 1455 630 1520 pacto
645 1445 755 1520 respuit
768 1445 806 1503 ab
821 1463 853 1503 se

176 1547 263 1610 atque
277 1554 330 1610 per
343 1554 392 1593 aes
407 1536 503 1610 agitat,
519 1536 580 1592 sine
595 1553 632 1592 eo
648 1533 729 1610 quod
744 1553 832 1610 saepe
847 1535 986 1594 resorbet.
1018 1552 1080 1606 ¹055

176 1626 247 1684 illud
261 1628 291 1684 in
306 1627 349 1684 his
363 1626 449 1683 rebus
463 1626 558 1683 mirari
572 1626 665 1697 mitte,
681 1625 762 1699 quod
777 1635 873 1684 aestus

176 1735 237 1775 uon
250 1718 325 1773 valet
340 1734 356 1774 e
371 1716 468 1791 lapide
483 1716 541 1773 hoc
555 1716 624 1773 alias
639 1716 788 1791 impellere
802 1716 873 1773 item
886 1733 941 1774 res.

176 1806 309 1881 pondere
324 1807 403 1863 enim
417 1807 506 1863 sretae
521 1807 626 1880 partim
641 1815 736 1876 stant;
758 1804 840 1880 quod
853 1823 945 1881 genus
960 1823 1081 1872 aurum3

177 1907 206 1954 et
221 1898 325 1972 partim
338 1914 403 1953 raro
417 1897 486 1970 quia
500 1905 566 1953 sunt
580 1914 649 1953 curn
663 1913 795 1970 corpore,
810 1905 842 1953 ut
855 1905 951 1954 aestus

177 1987 308 2062 pervolet
321 1987 454 2055 intactus,
470 1996 620 2059 nequeunt
633 1985 765 2059 inpellier
778 2003 922 2059 usquam;
1019 1991 1082 2040 1060

177 2077 273 2151 lignea
286 2077 419 2133 materies
435 2076 537 2149 inquo
552 2092 657 2149 genere
673 2092 737 2132 esse
751 2073 873 2133 videtur.

178 2166 373 2239 interutraque
389 2165 473 2240 igitur
486 2164 551 2221 ferri
566 2173 667 2220 natura
680 2164 776 2220 locata

178 2256 252 2313 aeris
266 2255 316 2311 ubi
330 2255 444 2328 accepit
458 2251 603 2328 quaedam
618 2254 797 2327 corpuscula,
813 2261 875 2310 tum
889 2253 932 2324 fit,

179 2345 318 2421 inpellant
331 2353 363 2401 ut
377 2362 442 2400 eam
457 2344 610 2417 Magnesia
623 2343 741 2400 flumine
756 2361 834 2402 saxa.

221 2436 286 2492 Nec
301 2444 400 2492 tamen
414 2433 488 2490 haec
503 2434 543 2491 ita
557 2442 623 2490 sunt
637 2433 756 2490 aliarum
770 2450 866 2490 rerum
880 2432 983 2502 aliena,
1020 2437 1081 2502 1065

180 2534 212 2582 ut
226 2525 296 2582 mihi
311 2524 401 2581 multa
415 2541 517 2599 parum
532 2540 639 2598 genere
655 2540 691 2580 ex
705 2522 763 2579 hoc
779 2521 1002 2596 suppeditentur

180 2633 255 2690 quae
270 2632 430 2673 memorare
445 2631 552 2687 queam
567 2613 640 2671 inter
654 2629 685 2670 se
700 2612 858 2686 singlariter
871 2620 947 2687 apta

180 2724 249 2763 saxa
262 2705 343 2762 vides
357 2705 481 2779 primum
496 2704 558 2761 sola
571 2702 718 2761 colescere
732 2703 823 2762 calce.

179 2796 288 2870 glutine
303 2795 437 2852 materies
451 2795 564 2852 taurino
579 2793 705 2868 iungitur
718 2810 787 2864 unu,

179 2894 213 2943 ut
226 2886 295 2943 vitio
309 2903 401 2942 venae
416 2885 576 2941 tabularum
591 2883 706 2958 saepius
721 2882 836 2940 hiscant
1015 2898 1083 2956 ¹07⁰

181 2993 269 3050 quam
284 2975 379 3032 laxare
394 2984 502 3049 queant
517 2992 676 3048 compages
690 2983 790 3030 taurea
803 2971 906 3031 vincla.

180 3064 299 3139 vitigeni
313 3065 413 3121 latices
428 3064 513 3137 aqtiai
528 3064 656 3121 sontibus
670 3061 781 3120 audent

182 3154 306 3225 misceri,
321 3172 388 3211 cum
402 3155 453 3228 pix
466 3162 593 3228 nequeat
606 3153 698 3228 gravis
713 3161 743 3210 et
756 3152 819 3208 leve
834 3151 950 3211 olivom.

182 3261 403 3318 purpureusque
418 3244 499 3300 colos
513 3242 648 3318 conchyli
662 3241 788 3316 iungitur
801 3259 860 3299 uno

183 3352 307 3409 corpore
323 3351 390 3390 cum
406 3333 498 3404 lanae,
513 3332 609 3391 dirimi
623 3332 673 3406 qui
687 3350 749 3389 non
763 3340 851 3406 queat
865 3348 998 3405 usquam,
1022 3348 1083 3402 1075

184 3442 245 3484 non
259 3425 282 3484 si
298 3424 429 3500 Neptuni
443 3423 531 3482 fluctu
545 3440 684 3481 renovare
699 3439 819 3498 operam
834 3419 896 3493 des,

608 3525 637 3572 14
