2498 3894
141 206 179 276 ι]
379 208 434 261 nn
460 207 607 263 aarum
634 201 806 264 NATURA
1007 213 1041 279 15

136 369 242 444 partim
256 369 384 427 concilio
397 387 473 445 quae
487 379 623 428 constant
635 371 855 446 principiorum.

137 459 190 519 sed
204 477 280 535 quae
294 469 362 517 sunt
373 472 470 518 rerum
483 461 649 535 primordia,
665 463 744 520 nulia
756 473 855 537 potest
868 465 911 522 vis
994 473 1042 536 485
1142 507 1153 536 ι

137 551 301 626 stinguere;
323 569 392 608 nam
407 550 502 610 solido
516 523 636 610 vindfint
650 571 686 610 ea
700 571 823 654 corpore
839 554 970 613 demum.
1016 558 1201 639 m

137 643 190 697 etsi
137 641 322 698 etdifficile
336 659 399 698 esse
413 641 493 699 videt
482 652 528 699 tur
542 641 661 700 credere
676 644 834 718 quicquam

135 732 166 787 in
178 731 266 789 rebus
280 731 375 789 solido
388 732 506 806 reperiri
521 750 645 807 corpore
660 752 758 808 posse.

135 822 236 879 transit
250 822 328 878 enim
343 822 453 879 fulmen
468 823 542 879 caeli
555 841 608 898 per
622 834 723 900 saepta
736 824 902 900 domorum,

135 912 245 969 clamor
257 922 290 969 ut
304 931 338 969 ac
352 930 461 984 voces3
482 912 589 971 sermm
603 914 753 973 candescit
767 917 798 973 in
811 917 870 992 igni
994 939 1043 989 490

135 1000 336 1076 dissiliuntque
350 1003 412 1061 fero
426 1003 545 1061 fervent'
526 1013 566 1061 tra
580 1023 649 1062 saxa
662 1024 789 1081 vapore;

134 1099 197 1148 turn
211 1091 434 1150 labefactatus
412 1110 490 1168 ngor
504 1112 566 1152 aun
557 1093 699 1154 solvitur
712 1105 813 1169 aestu;

134 1190 197 1239 tum
210 1155 318 1256 graiies
331 1169 405 1241 a'e'ris
417 1182 536 1242 flamma
549 1183 830 1261 devictaliquescit3
900 1166 1096 1294 0(th
1114 1165 1207 1290 {M

134 1280 286 1347 permanat
300 1271 381 1332 caior
394 1282 547 1350 argentum
560 1276 767 1352 penetraleque
781 1277 878 1352 frigus,

134 1361 255 1437 quando
268 1372 426 1440 utrumque
439 1383 530 1423 manu
543 1366 699 1425 retinentes
713 1367 886 1442 poculae
832 1351 897 1425 rite*
994 1386 1041 1440 495
1050 1352 1206 1507 μή*

134 1453 388 1523 sensimus,infuso
399 1455 583 1534 lympharum
598 1475 662 1516 rore
677 1476 809 1532 superne

134 1561 227 1619 usque
241 1543 341 1604 adeo
332 1565 364 1604 m
376 1548 461 1607 rebus
476 1547 562 1607 solidi
574 1548 616 1606 nil
629 1566 692 1606 esse
706 1547 828 1606 videtur.
983 1555 1022 1595 aa
1050 1542 1233 1599 mm

134 1634 188 1737 sed
202 1635 271 1710 quia
284 1655 353 1694 vera
365 1648 464 1696 tame'n
478 1642 551 1697 ratio
564 1648 723 1714 naturaque
737 1656 833 1696 rernm

134 1712 222 1803 cogit,
239 1727 310 1785 ades
311 1718 435 1803 ,paucis
449 1726 523 1786 dum
534 1729 663 1787 versibus
678 1728 867 1804 expediamus

136 1835 199 1876 esse
214 1773 250 1878 da
265 1836 340 1894 quae
355 1818 449 1876 solido
463 1827 550 1893 atque
564 1828 683 1877 aeterno
697 1837 819 1894 corpore
834 1837 906 1876 cons
907 1828 977 1890 t,ent
993 1838 1042 1890 500
1076 1761 1241 1887 Μ

135 1909 248 1968 semina
262 1927 337 1985 quae
351 1927 447 1966 rerum
460 1908 677 1985 primordiaque
692 1927 755 1967 esse
770 1907 921 1981 docemus,

134 1997 214 2057 unde
228 1996 324 2058 omnis
338 2017 435 2056 rerum
448 2017 528 2056 nunc
542 2008 666 2056 constet
663 2003 784 2056 summa
797 2009 903 2058 creata.

175 2090 323 2165 Principio
337 2089 477 2164 quoniam
492 2087 601 2163 duplex
614 2098 716 2147 natura
728 2088 851 2146 duamm
1177 2091 1198 2129 k

135 2178 280 2238 dissimilis
294 2198 390 2238 rerum
404 2179 491 2253 longe
505 2157 639 2237 constffle
653 2157 832 2255 reparasti<
1032 2123 1148 2230 fro}

135 2271 265 2346 corporis
279 2278 367 2344 atque
381 2269 498 2359 loci,
462 2287 506 2327 res
513 2269 633 2353 inquo
639 2288 773 2346 quaeque
787 2279 932 2348 geruntur,
995 2289 1041 2341 505

136 2379 199 2419 esse
213 2370 366 2435 utramque
381 2359 435 2418 sibi
448 2377 546 2436 perse
560 2378 720 2435 puramque
734 2369 891 2418 necessest.

135 2471 204 2510 nam
219 2467 406 2528 quacumque
419 2461 503 2509 vacat
517 2450 651 2527 spatium,
667 2449 749 2525 quod
762 2451 849 2508 inane
863 2470 1011 2523 vocamus,

135 2560 242 2618 corpus
256 2560 294 2601 ea
306 2559 369 2600 non
382 2549 446 2614 est;
467 2560 526 2616 qua
539 2547 626 2616 po'rro
640 2558 768 2614 cumque
783 2549 864 2598 tenet
878 2560 909 2599 se

135 2651 250 2708 corpus,
266 2650 302 2691 ea
315 2649 442 2690 vacuum
455 2649 641 2706 nequaquam
656 2641 770 2688 constat
786 2631 882 2689 inane.

135 2732 202 2783 sunt
215 2723 301 2799 igitur
313 2720 406 2780 solida
419 2739 454 2778 ac
468 2723 530 2779 sine
544 2721 623 2778 inani
637 2739 760 2795 corpora
771 2720 873 2795 prima.
995 2743 1043 2793 510

134 2825 285 2892 praeterea
298 2814 438 2890 quoniam
451 2814 555 2889 genitis
568 2814 599 2871 in
613 2813 699 2870 rebus
712 2812 835 2886 inanest,

135 2905 286 2964 materiem
301 2905 412 2962 circum
425 2903 548 2962 solidam
563 2912 697 2961 constare
711 2912 869 2975 necessest,

134 3013 192 3053 nec
204 3013 251 3054 res
264 2995 322 3053 ulla
334 3005 432 3071 potest
444 3013 513 3053 vera
525 2994 639 3052 ratione
652 2993 770 3069 probari

135 3100 259 3188 corpore
273 3085 359 3144 inane
373 3103 426 3143 suo
441 3085 535 3145 celare
549 3093 637 3159 atque
651 3083 729 3142 intus
744 3084 861 3155 habere,

115 3192 161 3234 -s1
151 3174 252 3248 nond
259 3174 341 3250 quod
354 3175 481 3247 cohibet,
484 3170 621 3234 solidum
636 3185 768 3233 constare
782 3173 937 3248 relinquas
994 3192 1040 3245 515

96 3264 168 3325 id
180 3283 269 3342 porro
283 3265 324 3324 nil
337 3283 400 3324 esse
413 3274 511 3342 potest
524 3266 578 3323 nisi
592 3275 652 3322 mat
653 3265 723 3322 eriai

135 3356 303 3427 concilium,
317 3355 420 3432 quod
413 3375 498 3414 mane
513 3365 601 3431 queat
590 3323 712 3413 tredrm
726 3355 892 3412 cohibere.

135 3446 271 3506 materies
285 3446 377 3523 igitur,
392 3444 486 3506 solido
500 3465 575 3523 quae
590 3465 714 3522 corpore
729 3454 853 3516 constat,
840 3408 1183 3671 μξλῄωλ
1092 3491 1096 3499 .

10 3309 1245 3884 nmtfflaaw
