2498 3894
181 227 238 298 11.]
407 224 463 279 DE
488 227 635 281 RERUM
663 229 834 284 NATURA
1041 233 1083 300 39

177 385 388 461 multiplexque
400 385 459 444 loci
472 387 597 462 spatium
611 397 801 447 transcurrere
817 389 924 448 eodem

177 486 310 551 tempore
326 495 386 551 quo
400 477 467 537 solis
480 479 650 554 pervolgant
664 480 775 555 fulgura
788 480 911 539 caelum.

618 577 637 614 s

181 653 253 732 [nec
267 658 423 731 persectari
437 657 595 732 primordia
609 657 720 733 singula
733 676 878 736 quaeque,
1034 670 1078 734 165

176 755 209 803 ut
222 745 342 804 videant
355 764 414 821 qua
426 748 553 822 quicque
567 758 682 822 geratur
696 766 764 806 cum
777 751 899 811 ratione.

215 838 255 894 At
269 836 390 910 quidam
404 848 506 895 contra
520 838 601 908 haec,
616 838 708 913 ignari
721 841 860 912 materiai,

175 935 308 984 naturam
322 946 384 985 non
397 945 484 1003 posse
495 927 585 985 deum
600 929 661 986 sine
676 930 795 988 numine
810 931 934 989 credunt

175 1026 257 1074 tanto
272 1035 363 1092 opere
378 1017 511 1075 humanis
525 1019 684 1078 rationibus
698 1019 889 1079 admoderate

174 1117 309 1181 tempora
323 1117 435 1165 mutare
449 1126 593 1167 annorum
608 1111 762 1186 frugesque
777 1099 887 1185 creare,⁴
1033 1133 1080 1179 170

175 1207 205 1255 et
218 1198 277 1254 iam
291 1207 396 1270 cetera,
411 1199 539 1257 mortalis
552 1218 628 1274 quae
643 1201 746 1258 suadet
760 1201 839 1260 adire

174 1288 297 1363 ipsaque
312 1287 434 1346 deducit
448 1288 509 1347 dux
521 1290 596 1347 vitae
612 1288 660 1347 dia
673 1291 806 1366 voluptas

175 1387 205 1435 et
217 1396 264 1435 res
277 1396 331 1453 per
344 1379 465 1437 Veneris
479 1379 625 1438 blanditur
639 1382 734 1438 saecla
748 1391 920 1457 propagent,

174 1486 212 1526 ne
226 1486 320 1542 genus
333 1468 451 1527 occidat
464 1468 634 1529 humanum.
655 1489 779 1545 quorum
795 1474 894 1529 omnia
907 1491 996 1530 causa

174 1559 359 1617 constituisse
374 1559 446 1617 deos
461 1579 528 1617 cum
542 1561 665 1635 fingunt,
683 1562 812 1619 omnibu’
828 1563 914 1620 rebus
1032 1581 1076 1633 175

174 1667 283 1722 magno
298 1667 387 1724 opere
402 1669 419 1707 a
432 1668 500 1708 vera
512 1650 586 1726 lapsi
598 1651 710 1708 ratione
720 1651 864 1709 videntur.

175 1757 244 1796 nam
258 1740 390 1813 quamvis
401 1754 499 1797 rerum
513 1740 645 1816 ignorem
658 1741 816 1816 primordia
830 1759 905 1816 quae
920 1743 986 1815 sint,

174 1828 234 1886 hoc
247 1839 347 1886 tamen
361 1847 398 1886 ex
411 1830 479 1904 ipsis
494 1831 568 1888 caeli
580 1831 739 1889 rationibus
753 1833 845 1889 ausim

175 1919 348 1976 confirmare
362 1920 481 1994 aliisque
497 1939 533 1977 ex
546 1921 633 1979 rebus
646 1919 769 1979 reddere
785 1922 892 1996 multis,

174 2027 362 2083 nequaquam
376 2010 461 2067 nobis
475 2009 612 2068 divinitus
627 2029 690 2068 esse
705 2021 832 2069 creatam
1034 2021 1080 2070 180

175 2109 307 2156 naturam
322 2099 442 2157 mundi:
465 2109 546 2157 tauta
560 2109 615 2158 stat
629 2100 761 2175 praedita
775 2103 870 2176 culpa.
1081 2102 1085 2109 “

176 2207 251 2264 quae
265 2190 318 2247 tibi
331 2189 482 2265 posterius,
498 2191 632 2261 Memmi,
647 2191 786 2248 faciemus
800 2202 909 2267 aperta.

175 2298 255 2338 nunc
269 2279 300 2337 id
314 2278 397 2354 quod
411 2290 542 2354 superest
556 2278 594 2338 de
608 2281 735 2339 motibus
750 2281 968 2359 expediemus]

217 2371 306 2427 Nunc
319 2369 402 2427 locus
415 2379 468 2441 est,
482 2379 515 2428 ut
528 2371 642 2445 opinor,
657 2371 687 2427 in
703 2371 746 2428 his
761 2369 831 2428 illud
845 2391 963 2447 quoque
978 2373 1065 2430 rebus

176 2460 349 2517 confirmare
361 2460 422 2531 tibi,
437 2461 544 2518 nullam
559 2479 622 2518 rem
636 2479 722 2535 posse
737 2479 789 2518 sua
802 2461 830 2518 vi
1032 2470 1077 2533 185

176 2567 348 2625 corpoream
363 2568 475 2608 sursum
490 2551 555 2607 ferri
569 2569 739 2625 sursumque
754 2570 870 2625 meare;

175 2658 215 2698 ne
229 2641 281 2698 tibi
296 2639 368 2698 dent
380 2640 410 2697 in
425 2658 462 2698 eo
476 2640 657 2698 flammarum
672 2658 794 2716 corpora
807 2642 950 2699 fraudem.

176 2749 274 2789 sursus
288 2731 368 2788 enim
381 2748 480 2789 versus
493 2731 649 2806 gignuntur
663 2741 693 2788 et
706 2732 842 2806 augmina
855 2742 974 2790 sumunt

176 2831 208 2879 et
221 2839 333 2878 sursum
347 2820 456 2878 nitidae
470 2821 564 2896 fruges
579 2822 752 2895 arbustaque
767 2832 911 2894 crescunt,

176 2910 320 2987 pondera,
327 2911 503 2985 quantumin
509 2929 540 2969 se
547 2920 600 2984 est,
607 2930 675 2968 curn
683 2911 820 2969 deorsum
830 2923 936 2970 cuncta
944 2913 1078 2971 ferantur.

176 3018 235 3059 nec
248 3018 317 3058 cum
332 3001 483 3059 subsiliunt
496 3001 577 3075 ignes
591 3000 630 3058 ad
644 3010 722 3058 tecta
735 2999 892 3059 domorum
1034 3024 1076 3074 191

177 3101 208 3151 et
222 3092 309 3150 celeri
322 3093 441 3150 flamma
454 3091 608 3168 degustant
622 3093 702 3168 tigna
715 3093 878 3168 trabesque,

177 3193 284 3258 sponte
299 3200 351 3241 sua
364 3184 459 3240 facere
473 3182 504 3240 id
518 3184 580 3241 sine
593 3183 622 3241 vi
637 3183 788 3258 subigente
802 3183 965 3259 putandum
981 3194 1033 3241 est.

178 3272 261 3348 quod
275 3291 367 3349 genus
382 3291 398 3330 e
412 3282 512 3332 nostro
526 3291 617 3348 quom
631 3273 735 3331 missus
749 3291 872 3348 corpore
886 3274 1002 3348 sanguis

179 3363 287 3423 emicat
300 3363 432 3422 exultans
445 3363 500 3421 alte
515 3364 680 3438 spargitque
696 3382 837 3422 cruorem.
1034 3379 1079 3434 195

179 3471 279 3514 nonne
292 3452 375 3515 vides
389 3453 477 3512 etiam
491 3462 601 3529 quanta
613 3453 642 3512 vi
655 3453 734 3528 tigna
747 3454 902 3528 trabesque
