2498 3894
697 84 702 119 l

108 264 111 269 .
133 207 191 288 164
466 224 698 280 LUCRETIUS
979 227 1034 301 v.]

128 404 184 444 nec
199 404 275 445 nova
288 385 428 445 defodere
444 388 474 445 in
488 398 592 445 terram
606 388 727 463 virgulta
740 405 837 463 neque
852 387 915 448 altis
947 409 948 412 ¹
981 407 1031 463 935

127 477 276 535 arboribus
291 487 402 535 veteres
416 477 553 535 decidere
568 479 683 536 falcibu'
698 497 802 536 ramos.

127 566 208 642 quod
222 569 265 625 sol
279 577 366 642 atque
381 568 487 626 imbres
502 567 653 639 dederant,
669 568 751 642 quod
764 578 840 626 terra
853 579 964 627 crearat

126 667 231 732 sponte
246 676 306 728 sua,
321 658 388 715 satis
402 657 433 714 id
447 658 581 733 placabat
595 668 716 732 pectora
730 657 849 717 donum.

126 747 298 822 glandiferas
312 748 388 804 inter
401 748 541 805 curabant
554 765 678 823 corpora
692 766 817 822 quercus

125 837 296 912 plerumque
308 859 316 909 3
338 848 367 894 et
381 855 457 912 quae
471 856 550 895 nunc
565 837 686 896 hiberno
700 848 834 914 ternpore
849 840 944 898 cernis
980 860 1031 912 9⁴0

125 928 217 985 arbita
230 929 357 1002 puniceo
373 929 433 985 fieri
448 937 560 985 matura
574 928 681 999 colore,

125 1017 247 1092 plurima
261 1028 323 1075 tum
338 1018 421 1075 tellus
436 1018 523 1075 etiam
538 1019 647 1076 maiora
660 1019 779 1077 ferebat.

124 1108 272 1181 multaque
287 1119 436 1183 praeterea
450 1108 563 1166 novitas
576 1117 638 1166 tum
653 1106 755 1167 florida
769 1108 873 1167 mundi

124 1198 230 1272 pabula
244 1196 317 1255 dura
330 1199 401 1268 tulit,
416 1198 527 1256 miseris
541 1199 709 1257 mortalibus
723 1200 828 1274 ampla.

124 1297 154 1345 at
167 1287 269 1346 sedare
283 1289 359 1347 sitim
374 1288 450 1345 fluvii
466 1287 620 1363 fontesque
634 1290 788 1360 vocabant,
979 1310 1027 1369 945

123 1387 156 1435 ut
169 1397 247 1436 nunc
262 1379 409 1436 montibus
423 1396 439 1435 e
454 1379 566 1453 magnis
581 1376 719 1437 decursus
734 1381 819 1453 aquai

123 1468 211 1525 claru’
227 1469 296 1525 citat
309 1469 365 1525 late
380 1469 505 1525 sitientia
518 1468 613 1526 saecla
626 1470 759 1527 ferarum.

124 1557 250 1632 denique
265 1567 335 1615 nota
348 1559 412 1632 vagi
427 1558 564 1616 silvestria
578 1559 688 1633 templa
700 1560 840 1618 tenebant

121 1648 323 1722 nympharum,
339 1649 442 1722 quibus
457 1667 473 1706 e
488 1649 601 1706 scibant
615 1649 718 1706 umori'
733 1649 841 1707 fluenta

121 1737 231 1795 lubrica
245 1739 372 1812 proluvie
386 1739 463 1813 larga
476 1738 571 1796 lavere
586 1739 686 1796 umida
699 1758 776 1810 saxa,
977 1761 1027 1814 950

121 1827 221 1885 umida
235 1847 311 1897 saxa,
326 1847 412 1903 super
425 1828 507 1886 viridi
521 1829 654 1886 stillantia
667 1848 779 1901 musco,

122 1927 152 1975 et
165 1919 268 1992 partim
283 1919 370 1993 plano
385 1929 494 1976 scatere
509 1928 597 1992 atque
613 1937 764 1993 erumpere
779 1937 893 1996 campo.

122 2007 250 2065 necdum
265 2028 310 2066 res
322 2009 380 2083 igni
396 2009 510 2067 scibant
524 2018 645 2066 tractare
660 2028 756 2083 neque
770 2011 812 2066 uti

121 2100 242 2173 pellibus
257 2109 287 2157 et
301 2100 398 2173 spoliis
413 2116 518 2173 corpus
533 2100 636 2156 vestire
651 2100 784 2170 ferarum,

121 2188 174 2246 sed
189 2208 308 2246 nemora
322 2199 408 2262 atque
424 2208 510 2246 cavos
526 2190 632 2247 montis
648 2191 790 2264 silvasque
806 2190 941 2248 colebant
974 2211 1023 2264 955

121 2289 150 2337 et
164 2278 279 2337 frutices
294 2280 368 2336 inter
381 2279 550 2336 condebant
564 2280 695 2354 squalida
709 2281 841 2338 membra

120 2371 239 2428 verbera
252 2381 403 2428 ventorum
418 2371 506 2426 vitare
522 2371 677 2444 imbrisque
693 2372 797 2429 coacti.

120 2479 176 2517 nec
193 2478 350 2517 commune
365 2460 476 2518 bonurn
490 2470 624 2535 poterant
638 2471 770 2536 spectare
785 2479 881 2536 neque
896 2461 958 2520 ullis

120 2551 247 2607 moribus
261 2550 335 2607 inter
348 2564 379 2607 se
395 2550 506 2608 scibant
520 2569 576 2608 nec
591 2552 701 2626 legibus
716 2553 767 2608 uti.

120 2640 200 2714 quod
215 2642 320 2715 cuique
339 2641 480 2699 obtulerat
494 2643 620 2717 praedae
636 2645 759 2711 fortuna,
776 2643 885 2699 ferebat
972 2651 1023 2716 960

119 2741 223 2805 sponte
238 2750 290 2789 sua
304 2732 357 2789 sibi
372 2731 493 2805 quisque
508 2735 602 2791 valere
618 2744 647 2791 et
661 2734 757 2790 vivere
772 2733 885 2790 doctus

119 2832 148 2877 et
161 2823 261 2879 Venus
276 2822 305 2878 in
320 2821 395 2878 silvis
409 2823 546 2896 iungebat
561 2842 684 2898 corpora
698 2833 865 2895 amantum;

119 2912 292 2969 conciliabat
307 2912 384 2968 enim
399 2914 445 2969 vel
459 2924 560 2970 mutua
574 2932 721 2988 quamque
737 2912 847 2988 cupido

118 3003 163 3059 vel
176 3003 301 3060 violenta
315 3004 366 3060 viri
380 3005 422 3061 vis
438 3014 525 3078 atque
541 3005 662 3078 inpensa
676 3004 766 3063 libido

118 3093 163 3150 vel
178 3093 310 3166 pretium,
326 3094 446 3168 glandes
463 3105 550 3168 atque
566 3095 656 3151 arbita
670 3095 714 3151 vel
729 3096 791 3168 pira
804 3093 888 3151 lecta.
971 3101 1020 3169 965

119 3193 148 3239 et
161 3201 300 3240 manuum
315 3186 387 3241 mira
401 3185 464 3240 freti
480 3185 582 3241 virtute
597 3184 765 3260 pedumque

117 3274 359 3331 consectabantur
373 3275 510 3330 silvestria
525 3276 618 3331 saecla
632 3276 755 3332 ferarum
823 3307 825 3310 >

118 3364 271 3421 missilibus
286 3365 360 3421 saxis
375 3374 404 3421 et
418 3383 526 3441 magno
540 3364 672 3438 pondere
687 3365 784 3422 clavae
797 3386 805 3437 ;

117 3455 265 3529 multaque
280 3454 444 3525 vincebant,
459 3456 587 3515 vitabant
601 3473 695 3533 pauca
708 3455 842 3528 latebris3
