2498 3894
124 230 183 296 172
441 225 672 281 Lucaarrus
975 224 1025 296 [v.

118 389 233 447 solliciti
247 398 343 446 motus
358 388 437 445 hunc
451 388 564 463 possint
578 388 650 445 serre
665 376 804 459 laborem,

118 498 156 537 an
170 479 307 537 divinitus
321 488 440 535 aeterna
454 478 563 535 donata
576 478 667 535 salute
959 496 1004 534 121
1007 494 1022 548 5

117 579 261 644 perpetuo
274 569 387 643 possint
401 568 464 625 aevi
478 569 605 629 labentia
618 577 711 625 tractu

118 659 242 717 inmensi
255 657 364 716 validas
379 658 442 716 aevi
456 668 644 716 contemnere
659 657 733 716 viris

119 759 271 825 praeterea
284 749 331 806 cui
347 766 408 806 non
422 748 535 805 animus
550 747 704 805 formidine
719 747 819 804 divum

120 840 306 910 contrahitur,
322 840 370 896 cui
384 856 445 896 non
460 848 617 913 correpunt
631 840 762 896 membra
776 854 893 912 pavore,

118 930 246 988 fulminis
261 929 388 986 horribili
402 947 471 986 cum
485 929 570 1003 plaga
584 927 692 985 torrida
705 927 789 984 tellus
962 947 1027 982 1220

118 1020 274 1078 contremit
288 1029 317 1076 et
330 1037 471 1093 magnum
485 1027 656 1094 percurrunt
669 1036 816 1074 murmura
830 1015 965 1075 caelum?

118 1128 179 1168 non
194 1110 295 1184 populi
308 1119 472 1183 gentesque
486 1118 621 1178 tremunt,
636 1126 777 1183 regesque
792 1107 910 1182 superbi

119 1201 278 1274 corripiunt
292 1198 392 1256 divum
407 1200 538 1273 percussi
553 1193 685 1256 membra
699 1199 811 1270 timore,

118 1289 230 1365 nequid
245 1290 284 1347 ob
299 1288 459 1346 admissum
475 1288 560 1346 foede
576 1288 723 1346 dictumve
738 1288 863 1362 superbe

119 1397 281 1456 poenarum
294 1397 380 1453 grave
395 1379 432 1436 sit
446 1378 577 1436 solvendi
591 1389 706 1452 tempus
720 1377 873 1434 adultum?
963 1393 1025 1447 1225

119 1488 234 1528 summa
244 1470 332 1526 etiam
346 1487 415 1526 curn
429 1469 471 1526 vis
485 1469 603 1526 violenti
616 1486 669 1542 per
683 1486 761 1525 mare
776 1467 855 1524 venti

119 1560 355 1634 induperatorem
370 1560 469 1616 classis
483 1576 570 1634 super
583 1576 712 1631 aequora
725 1559 810 1614 verrit

120 1669 186 1706 cum
202 1649 303 1707 validis
318 1650 425 1724 pariter
439 1650 600 1723 legionibus
615 1658 702 1722 atque
717 1647 888 1721 elephantis

119 1757 181 1797 non
195 1740 294 1796 divom
310 1757 416 1813 pacem
430 1740 504 1796 votis
518 1739 579 1796 adit
593 1756 628 1794 ac
643 1755 729 1811 prece
745 1738 857 1811 quaesit

119 1840 271 1887 ventorum
286 1830 409 1904 pavidus
424 1847 512 1904 paces
526 1829 695 1902 animasque
710 1827 861 1898 secundas,
963 1845 1027 1897 ¹²30

120 1920 309 1994 nequiquam,
325 1921 465 1993 quoniam
479 1919 606 1976 violento
621 1919 734 1975 turbine
750 1935 837 1992 saepe

121 2021 271 2085 correptus
286 2011 345 2067 nilo
361 2011 449 2067 fertur
464 2009 558 2065 minus
573 2008 611 2065 ad
625 2007 700 2064 vada
713 2008 784 2064 leti?

121 2119 214 2174 usque
229 2101 305 2157 adeo
320 2119 366 2156 res
380 2101 521 2157 humanas
535 2099 577 2156 vis
591 2098 690 2155 abdita
705 2097 850 2172 quaedam

121 2192 227 2265 opterit
243 2201 271 2248 et
286 2191 423 2265 pulchros
438 2190 521 2246 lascis
536 2206 693 2262 saevasque
708 2206 824 2246 secures

121 2282 290 2356 proculcare
305 2300 340 2337 ac
355 2280 479 2337 ludibrio
494 2280 547 2337 sibi
562 2280 668 2336 habere
683 2278 804 2336 videtur.
964 2297 1026 2350 1²35

123 2372 250 2445 denique
265 2372 318 2428 sub
333 2370 458 2445 pedibus
472 2370 554 2426 tellus
569 2388 636 2426 cum
652 2379 714 2425 tota
727 2369 841 2426 vacillat

122 2479 343 2534 concussaeque
359 2460 468 2517 cadunt
482 2461 566 2517 urbes
581 2459 747 2534 dubiaeque
763 2461 917 2531 minantur,

122 2552 195 2625 quid
209 2553 313 2608 mirum
329 2552 352 2607 si
367 2570 397 2608 se
412 2560 545 2607 temnunt
559 2551 690 2608 mortalia
703 2551 799 2607 saecla

123 2653 210 2716 atque
225 2643 375 2716 potestatis
390 2659 508 2716 magnas
522 2642 666 2715 mirasque
681 2640 827 2715 relinqunt

123 2733 152 2790 in
167 2734 252 2790 rebus
266 2732 331 2789 viris
348 2731 455 2802 divum,
470 2749 546 2804 quae
561 2740 669 2788 cuncta
679 2731 862 2805 gubernent?
963 2751 1027 2798 1240

164 2821 254 2895 Quod
265 2831 404 2896 superest,
414 2839 462 2877 aes
474 2831 560 2894 atque
568 2839 669 2878 aurum
678 2821 843 2894 ferrumque
854 2828 1028 2893 repertumst

124 2923 153 2970 et
166 2913 250 2970 simul
264 2912 375 2986 argenti
388 2911 505 2985 pondus
519 2911 689 2986 plumbique
703 2921 841 2985 potestas

123 3004 197 3078 ignis
212 3003 262 3060 ubi
276 3003 400 3077 ingentis
415 3003 497 3059 silvas
512 3001 615 3059 ardore
630 3011 771 3057 cremarat

124 3094 272 3152 montibus
287 3094 316 3149 in
331 3094 452 3167 magnis,
469 3110 519 3148 seu
534 3091 606 3148 caeli
622 3092 740 3148 fulmine
755 3091 852 3162 miss0,

124 3184 183 3242 sive
199 3183 279 3257 quod
294 3185 369 3239 inter
382 3201 413 3239 se
428 3182 535 3239 bellum
551 3183 677 3239 silvestre
691 3190 825 3256 gerentes
964 3197 1027 3251 ¹²45

125 3273 255 3332 hostibus
270 3273 424 3331 intulerant
438 3274 535 3346 ignem
550 3272 803 3347 formidinis‘ergq

124 3365 183 3422 sive
198 3364 280 3439 quod
294 3362 406 3421 inducti
421 3372 512 3419 terrae
527 3363 656 3420 bonitate
670 3363 807 3420 volebant

124 3454 254 3529 pandere
269 3472 352 3529 agros
367 3453 481 3528 pinguis
496 3462 526 3510 et
539 3471 648 3528 pascua
661 3452 783 3510 reddere
798 3470 871 3524 rura,
