2498 3894
122 193 174 265 u]
364 193 419 245 ns
446 192 592 246 neuun
620 191 791 246 NATURA
967 182 1025 262 163

120 355 285 431 barbigeras
299 355 440 432 pecudeS,
455 356 565 414 homini
579 375 654 432 quae
669 367 713 416 est
726 376 792 415 acre
806 376 963 418 venenum.
978 381 1028 434 900

121 446 238 504 flamma
252 446 372 522 quidem
385 465 456 505 vero
471 466 539 505 curn
553 466 678 522 corpora
691 449 767 505 fulva
781 449 901 508 leonum

120 546 180 594 tam
195 538 286 594 soleat
300 547 407 594 torrere
422 547 509 611 atque
524 555 606 595 urere
621 556 709 612 quam
724 556 816 612 genus
831 559 920 598 omne

120 628 236 685 visceris
251 628 281 685 in
296 628 376 685 terris
391 626 601 702 quodcumque
617 637 646 684 et
660 630 807 704 sanguinis
822 641 911 703 extet,

120 718 171 792 qui
185 718 247 775 fieri
261 719 364 792 potuit,
380 718 483 792 triplici
498 736 565 774 cum
581 735 705 793 corpore
720 731 752 778 ut
766 739 833 792 una,
859 766 883 809 γ,

119 809 213 883 prima
226 808 282 879 le0,
298 818 446 882 postrema
460 807 559 878 drac0,
575 809 673 866 media
687 810 758 884 ipsa,
774 810 929 869 Chimaera
976 831 1024 884 905

120 916 170 956 ore
185 899 259 956 foras
274 917 370 955 aerem
385 898 467 955 flaret
481 897 519 955 de
535 915 657 973 corpore
672 899 841 958 flammam?

120 1006 208 1062 quare
224 989 311 1046 etiam
329 989 429 1045 tellure
443 1006 520 1045 nova
534 989 674 1062 caeloque
688 990 800 1047 recenti

119 1079 186 1135 talia
200 1079 250 1153 qui
264 1079 347 1153 fingit
360 1077 490 1152 potuisse
505 1079 639 1136 animalia
652 1079 741 1154 gigni,

119 1169 203 1226 nixus
217 1169 247 1224 in
261 1168 318 1225 hoc
333 1186 392 1225 uno
407 1169 541 1226 novitatis
555 1169 674 1227 nomine
689 1169 777 1241 inani,

119 1260 209 1343 multa
223 1258 291 1315 licet
305 1257 390 1315 simili
404 1259 515 1317 ratione
530 1259 640 1317 effutiat
654 1276 714 1333 ore,

118 1367 207 1406 aurea
220 1357 282 1406 tum
296 1346 375 1406 dicat
391 1367 443 1423 per
457 1358 545 1407 terras
559 1349 678 1407 flumina
691 1350 778 1424 vulgo

119 1438 234 1495 fluxisse
249 1447 279 1495 et
292 1440 413 1513 gemmis
428 1440 530 1497 florere
545 1440 661 1498 arbusta
675 1439 775 1498 suesse

119 1538 170 1585 aut
184 1529 332 1586 hominem
347 1539 429 1587 tanto
444 1531 643 1589 membrorum
658 1548 722 1588 esse
735 1530 844 1605 impete
859 1539 968 1600 natum,

119 1627 197 1676 trans
212 1620 301 1677 maria
315 1620 372 1677 alta
385 1618 496 1695 pedum
510 1621 588 1678 nisus
603 1630 634 1678 ut
648 1638 758 1694 ponere
774 1633 873 1694 posset

120 1719 150 1767 et
164 1711 297 1768 manibus
311 1720 405 1767 totum
419 1711 529 1768 circum
544 1728 575 1768 se
590 1719 700 1768 vertere
715 1711 838 1768 caelum.
977 1727 1024 1781 915

120 1818 188 1858 nam
202 1799 284 1875 quod
298 1801 389 1858 multa
403 1801 481 1859 fuere
497 1802 526 1858 in
541 1801 621 1858 terris
636 1801 747 1858 semina
760 1819 856 1858 rerum

119 1899 251 1965 tempore
266 1909 326 1965 quo
340 1892 466 1965 primum
480 1891 563 1948 tellus
578 1891 713 1948 animalia
724 1890 808 1962 fudit,

119 1981 159 2038 nil
172 1990 278 2045 tamen,
286 1989 330 2038 est
344 1981 417 2056 signi
432 1981 535 2038 mixtas
550 1982 679 2054 potuisse
694 1981 785 2038 creari

119 2070 194 2129 inter
207 2090 238 2129 se
252 2071 384 2146 pecudes
399 2081 613 2146 compactaque
628 2071 759 2128 membra
773 2072 963 2141 animantum,

119 2172 273 2237 propterea
287 2161 356 2236 quia
367 2179 441 2236 quae
454 2160 491 2218 de
503 2161 584 2219 terris
595 2180 675 2218 nunc
685 2179 803 2235 quoque
813 2160 963 2218 abundant
976 2180 1025 2231 920

120 2250 272 2310 herbarum
287 2269 395 2326 genera
408 2270 443 2308 ac
457 2251 552 2326 fruges
567 2251 740 2324 arbustaque
755 2251 830 2307 laeta
921 2255 927 2267 '

118 2359 178 2399 non
193 2352 292 2399 tamen
307 2342 382 2399 inter
395 2360 426 2399 se
441 2350 562 2416 possunt
578 2342 732 2416 complexa
746 2341 846 2412 creari,

119 2431 172 2491 sed
185 2450 231 2489 res
245 2449 379 2507 quaeque
394 2450 447 2488 suo
461 2432 515 2488 ritu
531 2430 665 2505 procedit
678 2441 708 2488 et
722 2448 826 2488 omnes

118 2521 237 2580 foedere
251 2530 369 2579 naturae
384 2531 465 2578 certo
479 2520 646 2578 discrimina
660 2530 782 2579 servant.

157 2614 196 2670 At
209 2630 301 2686 genus
315 2611 476 2668 humanum
491 2611 582 2668 multo
597 2611 649 2668 fuit
663 2610 733 2668 illud
747 2610 777 2668 in
791 2611 864 2668 arvis
976 2627 1023 2682 9²5

119 2701 226 2774 durius,
241 2712 273 2760 ut
286 2701 394 2776 decuit,
410 2702 492 2759 tellus
507 2700 588 2776 quod
603 2700 675 2758 dura
689 2711 824 2772 creasset,

119 2802 149 2850 et
162 2793 317 2851 maioribus
333 2803 362 2850 et
376 2792 475 2850 solidis
490 2792 580 2866 magis
595 2792 708 2850 ossibus
723 2791 799 2848 intus

118 2881 280 2954 fundatum,
294 2883 396 2942 validis
411 2893 511 2957 aptum
526 2900 580 2956 per
593 2883 703 2939 viscera
716 2882 819 2952 nerviS,

118 2991 174 3030 nec
188 2973 271 3031 facile
287 2992 323 3031 ex
337 2984 418 3032 aestu
433 2991 489 3030 nec
504 2972 607 3057 frigore
622 2972 704 3046 quod
719 2981 871 3046 caperetur

118 3081 175 3121 nec
189 3064 316 3122 novitate
331 3064 389 3122 cibi
403 3082 460 3120 nec
474 3063 531 3121 labi
547 3063 676 3136 corporis
691 3062 755 3118 ulla.
974 3081 1024 3134 930
1077 3132 1080 3139 Ι

118 3154 266 3230 multaque
281 3172 335 3228 per
349 3155 462 3211 caelum
477 3153 544 3210 solis
559 3152 703 3210 volventia
716 3153 804 3209 lustra

117 3244 267 3321 volgivago
281 3245 370 3302 vitam
384 3243 544 3301 tractabant
559 3260 639 3300 more
654 3243 787 3300 ferarum.

118 3351 174 3393 nec
188 3334 323 3393 robustus
337 3342 398 3391 erat
413 3334 492 3391 curvi
506 3332 673 3391 moderator
687 3332 771 3390 aratri

119 3424 283 3500 quisquam,
297 3441 354 3483 nec
369 3425 462 3483 scibat
476 3424 551 3482 ferro
566 3423 693 3482 molirier
705 3440 774 3480 arva
