2498 3894
179 237 237 299 182
511 253 740 308 rueramus
1009 251 1076 323 [vr.

174 420 330 486 propterea
343 412 413 487 quia
426 424 604 472 concurrunt
617 413 740 473 sublime
753 412 884 472 volantes

175 503 320 560 aetheriae
334 504 427 562 nubes
441 514 543 562 contra
556 504 745 580 pugnantibu’
759 503 861 562 ventis.

174 611 231 650 nec
246 593 278 650 fit
291 597 370 650 enim
384 594 494 652 sonitus
509 595 582 651 caeli
597 594 635 651 de
649 603 730 669 parte
745 611 855 664 serena,

174 701 275 740 verum
289 683 467 758 ubicumque
482 684 573 758 magis
587 683 681 741 denso
696 692 763 741 sunt
776 683 892 758 agmine
906 683 1010 756 nubes,
1030 704 1077 741 100

174 780 234 830 tarn
249 773 340 848 magis
354 772 422 830 hinc
437 791 543 847 magno
557 774 686 830 fremitus
700 774 733 831 fit
747 791 892 830 murmure
907 791 1005 849 saepe.

174 872 324 938 praeterea
337 881 433 938 neque
447 873 506 920 tam
521 861 674 920 condenso
688 881 812 939 corpore
826 863 920 921 nubes

174 971 238 1010 esse
253 962 365 1028 queunt
379 971 466 1028 quam
481 964 547 1010 sunt
560 951 672 1027 lapides
686 971 722 1011 ac
735 955 824 1030 tigna,
839 971 936 1028 neque
951 963 1051 1012 autem

174 1053 233 1100 tarn
248 1052 351 1101 tenues
365 1062 453 1118 quam
468 1053 534 1102 sunt
547 1042 673 1101 nebulae
687 1044 818 1119 fumique
830 1043 981 1117 volantes;

173 1151 243 1191 nam
258 1133 364 1191 cadere
379 1143 428 1191 aut
440 1135 526 1192 bruto
541 1132 683 1191 deberent
697 1132 829 1208 pondere
844 1151 961 1208 pressae
1029 1152 1076 1206 105

147 1295 150 1300 .
173 1233 206 1281 ut
218 1222 339 1300 lapides
355 1233 405 1281 aut
418 1234 450 1281 ut
463 1225 559 1282 fumus
574 1233 708 1281 constare
722 1224 877 1299 nequirent

173 1331 230 1371 nec
245 1314 381 1372 cohibere
396 1315 475 1372 nives
489 1312 599 1389 gelidas
613 1322 643 1372 et
656 1312 804 1389 grandinis
819 1314 926 1373 imbris.

174 1404 245 1462 dant
259 1405 346 1462 etiarn
360 1405 487 1463 sonitum
500 1404 590 1479 patuli
604 1422 692 1479 super
703 1421 831 1479 aequora
844 1403 956 1475 mundi,

173 1494 309 1552 carbasus
323 1505 355 1552 ut
369 1493 519 1569 quondam
534 1495 647 1569 magnis
660 1495 769 1552 intenta
786 1493 902 1552 theatris

173 1584 225 1642 dat
239 1586 381 1659 crepitum
395 1585 486 1642 malos
501 1587 576 1642 inter
589 1586 695 1642 iactata
708 1585 862 1658 trabesque
874 1605 884 1657 3
1029 1606 1077 1642 110

173 1673 319 1733 interdum
334 1676 475 1750 perscissa
489 1675 554 1733 furit
568 1675 763 1750 petulantibus
777 1674 853 1732 auris

174 1774 203 1822 et
217 1765 321 1839 fragilis
336 1767 445 1823 sonitus
460 1765 622 1823 chartarum
637 1764 879 1823 commeditatur:

172 1854 204 1912 id
219 1873 338 1930 quoque
353 1857 431 1913 enim
444 1874 536 1931 genus
550 1857 580 1912 in
594 1856 703 1913 tonitru
718 1873 898 1931 cognoscere
913 1853 1027 1929 possis:

172 1954 222 2002 aut
235 1946 284 2003 ubi
299 1963 469 2020 suspensam
483 1955 595 2002 vestem
611 1946 759 2003 chartasve
773 1945 895 2003 volantis

171 2036 338 2093 verberibus
352 2037 430 2093 venti
443 2046 557 2093 versant
571 2036 769 2110 planguntque
784 2054 837 2111 per
850 2054 944 2101 auras.
1030 2055 1075 2107 115

172 2126 204 2182 fit
218 2144 336 2200 quoque
355 2127 430 2183 enim
446 2125 590 2184 interdum
605 2136 637 2183 ut
650 2143 711 2184 non
725 2135 785 2182 tarn
799 2143 971 2184 concurrere
983 2127 1078 2185 nubes

172 2217 312 2274 frontibus
327 2215 454 2274 adversis
468 2217 580 2291 possint
594 2234 683 2290 quam
697 2215 735 2273 de
751 2216 839 2274 latere
854 2217 894 2274 ire

172 2305 286 2364 diverso
301 2317 382 2364 motu
397 2305 532 2363 radentes
547 2325 670 2381 corpora
684 2308 807 2379 tractim,

171 2397 267 2454 aridus
282 2397 360 2455 unde
375 2398 450 2454 auris
465 2406 556 2471 terget
570 2415 658 2453 sonus
672 2397 717 2452 ille
732 2395 841 2471 diuque

171 2486 295 2559 ducitur,
311 2489 442 2546 exierunt
456 2487 554 2544 donec
568 2487 733 2561 regionibus
748 2488 824 2544 artis.
1029 2507 1076 2542 120

212 2580 283 2635 Hoc
298 2579 385 2636 etiam
400 2588 488 2652 pacto
503 2579 608 2634 tonitru
625 2595 769 2634 concussa
781 2575 916 2634 videntur

171 2669 270 2725 omnia
284 2686 370 2743 saepe
386 2669 463 2742 gravi
478 2678 600 2724 tremere
615 2675 644 2724 et
658 2666 770 2725 divolsa
783 2676 904 2742 repente

171 2759 298 2815 maxima
312 2757 466 2815 dissiluisse
481 2758 597 2832 capacis
611 2757 728 2814 moenia
743 2757 854 2830 mundi,

171 2867 239 2905 cum
254 2849 350 2906 subito
364 2848 450 2905 validi
465 2849 544 2904 venti
558 2848 691 2904 conlecta
705 2847 834 2922 procella

170 2938 296 2995 nubibus
311 2938 422 2995 intorsit
437 2956 500 2995 sese
516 2938 712 3011 conclusaque
727 2936 837 2995 ibidem
1027 2954 1073 3006 125

170 3027 285 3084 turbine
299 3029 423 3084 versanti
438 3029 528 3102 magis
543 3046 578 3085 ac
593 3028 683 3102 magis
698 3027 828 3100 undique
842 3025 951 3083 nubem

171 3117 250 3191 cogit
264 3117 305 3174 uti
319 3118 369 3173 fiat
383 3118 475 3191 spisso
490 3137 562 3174 cava
576 3135 698 3192 corpore
713 3117 832 3185 circum,

170 3217 239 3280 post
252 3206 302 3264 ubi
317 3208 489 3264 comminuit
502 3208 543 3264 vis
559 3208 620 3263 eius
634 3216 664 3263 et
677 3206 803 3279 impetus
818 3222 894 3277 acer,

170 3304 234 3353 tum
247 3297 456 3371 perterricrepo
471 3298 567 3354 sonitu
582 3297 632 3353 dat
647 3296 735 3353 scissa
749 3297 901 3368 fragorem.

170 3405 227 3444 nec
241 3387 355 3456 mirum,
371 3405 438 3444 cum
453 3387 541 3462 plena
554 3387 668 3443 animae
682 3385 830 3442 vensicula
842 3402 931 3460 parva
1028 3405 1076 3456 130

171 3493 260 3552 saepe
275 3477 314 3535 ita
328 3476 378 3535 dat
392 3487 506 3536 torvum
520 3478 647 3537 sonitum
662 3476 790 3551 displosa
803 3487 934 3551 repente.
