2498 3894
222 189 276 260 lI.]
466 191 520 242 DE
547 191 694 245 RERUM
721 192 892 246 NATURA
1080 192 1123 259 47

221 363 398 430 quapropter
411 354 498 428 longe
513 353 619 410 formas
635 352 740 411 distare
755 364 905 412 necessest

219 446 377 522 principiis
391 444 485 502 varios
499 462 574 517 quae
589 444 701 519 possint
716 444 803 502 edere
818 463 929 502 sensus

261 536 397 609 Denique
412 552 487 608 quae
501 535 586 592 nobis
601 534 704 592 durata
717 554 752 592 ac
767 537 859 609 spissa
872 533 1015 607 videntur,

220 627 293 684 haec
308 625 399 700 magis
414 625 537 682 hamatis
552 625 626 682 inter
640 644 704 683 sese
719 644 782 683 esse
794 636 944 684 necessest
1074 643 1121 696 445

220 726 250 774 et
264 717 346 791 quasi
359 715 479 773 ramosis
494 715 551 772 alte
566 726 723 789 compacta
736 716 837 772 teneri.

220 807 323 880 inquo
338 806 395 862 iam
409 823 516 881 genere
532 806 675 879 inprimis
690 804 876 863 adamantina
891 824 960 864 saxa

219 898 313 972 prima
327 896 390 954 acie
405 905 541 954 constant
554 897 629 954 ictus
645 907 834 954 contemnere
849 907 931 955 sueta

221 997 250 1044 et
263 987 351 1044 validi
366 987 459 1044 silices
474 1006 508 1043 ac
524 986 594 1063 duri¹
602 987 708 1044 robora
722 988 787 1045 feni
1174 1058 1180 1065 Ι

220 1095 345 1151 aeraque
361 1094 436 1151 quae
451 1075 581 1134 claustris
595 1078 732 1134 restantia
744 1077 947 1136 vociferantur.
1075 1096 1124 1148 450

220 1167 267 1224 illa
280 1166 402 1241 quidem
417 1166 526 1224 debent
541 1185 557 1224 e
571 1167 682 1225 levibus
697 1178 784 1242 atque
798 1167 931 1225 rutundis

222 1275 284 1315 esse
299 1257 400 1331 magis,
415 1256 524 1314 fluvido
538 1275 614 1331 quae
629 1275 751 1332 corpore
766 1257 876 1331 liquida
890 1266 1044 1329 constant;

223 1345 366 1424 [namque
377 1347 528 1422 papaveris
538 1348 656 1405 haustus
666 1348 763 1405 itemst
774 1348 863 1406 facilis
875 1347 956 1421 quod
967 1346 1123 1425 aquarum]

221 1456 277 1495 nec
291 1439 452 1495 retinentur
467 1438 544 1494 enim
560 1439 634 1494 inter
648 1455 679 1495 se
694 1438 903 1512 glomeramina
917 1455 1052 1512 quaeque

222 1537 252 1585 et
265 1545 420 1602 procursus
435 1528 505 1584 item
520 1528 647 1601 proclive
662 1528 794 1586 volubilis
809 1537 910 1586 exstat.
1076 1545 1123 1598 455

222 1617 322 1676 omnia
336 1627 485 1692 postremo
500 1636 575 1691 quae
590 1629 700 1693 puncto
716 1627 847 1692 tempore
863 1618 956 1675 cernis

222 1707 371 1784 diffugere,
386 1718 418 1765 ut
433 1709 544 1765 sumum
559 1708 679 1765 nebulas
694 1708 891 1783 flammasque,
907 1718 1064 1782 necessest,

222 1798 354 1856 siminus
369 1799 499 1856 omnibu’
515 1807 582 1855 sunt
596 1816 612 1854 e
627 1799 737 1856 levibus
752 1807 838 1872 atque
854 1799 994 1871 rutundis,

222 1899 252 1947 at
265 1908 326 1948 non
341 1908 404 1947 esse
419 1899 518 1946 tamen
532 1889 676 1963 perplexis
690 1888 871 1963 indupedita,

221 1997 350 2054 pungere
365 1980 407 2037 uti
420 1980 533 2054 possint
547 1997 653 2053 corpus
667 1989 877 2053 penetrareque
891 1998 986 2050 vesca,
1076 1986 1125 2047 460

223 2089 279 2127 nec
294 2080 393 2127 tamen
408 2070 526 2127 haerere
541 2069 616 2126 inter
630 2087 681 2141 se;
703 2068 912 2144 quodcumque
926 2069 1059 2127 videmus

223 2160 349 2218 sensibu’
365 2159 509 2230 sedatum,
525 2158 608 2217 facilc
623 2168 656 2216 ut
669 2177 848 2233 cognoscere
863 2160 956 2233 possis

223 2268 283 2307 non
298 2267 315 2307 e
329 2250 473 2325 perplexis
488 2249 542 2307 sed
556 2250 648 2307 acutis
664 2268 726 2307 esse
742 2249 901 2307 elementis.

223 2338 276 2398 sed
291 2339 372 2414 quod
387 2359 484 2397 amara
497 2339 579 2398 vides
594 2339 699 2397 eadem
714 2358 789 2414 quae
805 2339 912 2397 fluvida
926 2347 1071 2410 constant,

223 2430 313 2488 sudor
326 2431 367 2487 uti
381 2431 466 2488 maris
481 2439 534 2501 est,
550 2431 668 2487 minime
683 2431 811 2488 mirabile
826 2430 954 2502 habeto;
1076 2435 1123 2500 465

223 2539 292 2578 nam
307 2520 388 2595 quod
402 2520 525 2578 fluvidus
540 2530 592 2592 est,
609 2539 625 2578 e
640 2521 750 2578 levibus
765 2531 852 2595 atque
867 2520 998 2580 rutundis

224 2621 277 2682 est,
292 2620 322 2669 et
335 2609 467 2686 squalida
479 2611 571 2668 multa
584 2621 684 2668 creant
698 2611 828 2668 admixta
842 2610 949 2668 doloris

224 2718 365 2774 corpora,
387 2720 443 2758 nec
457 2711 555 2758 tamen
572 2700 644 2758 haec
658 2703 782 2759 reteneri
797 2702 913 2759 hamata
926 2711 1125 2774 necessumst3

224 2790 334 2848 scilicet
348 2809 411 2848 esse
426 2791 548 2866 globosa
562 2801 669 2861 tamen,
685 2810 753 2848 cnm
768 2791 900 2866 squalida
914 2801 1058 2863 constent,

223 2881 354 2956 provolvi
368 2882 453 2939 simul
467 2891 498 2938 ut
512 2882 624 2957 possint
635 2892 664 2939 et
678 2882 793 2940 laedere
808 2901 918 2940 sensus.
1077 2903 1126 2950 470

224 2983 255 3032 et
269 2992 329 3048 quo
343 2974 434 3031 mixta
447 2985 532 3049 putes
547 2976 638 3049 magis
652 2993 755 3049 aspera
769 2975 878 3032 levibus
893 2992 956 3032 esse

223 3063 383 3140 principiis,
397 3064 477 3122 unde
493 3074 536 3122 est
552 3066 684 3139 Neptuni
698 3083 804 3140 corpus
819 3065 967 3135 acerbum,

224 3163 269 3213 est
282 3154 355 3212 ratio
370 3154 562 3227 secemendi3
584 3174 773 3229 seorsumque
787 3154 908 3212 videndi

224 3263 310 3303 umor
324 3244 428 3317 dulciS,
444 3245 494 3303 ubi
508 3263 561 3320 per
574 3255 662 3303 terras
678 3247 804 3304 crebrius
819 3244 899 3302 idem

224 3336 398 3410 percolatur,
413 3337 489 3394 utin
504 3336 618 3394 foveam
632 3337 700 3394 fluat
714 3356 749 3394 ac
765 3345 967 3407 mansuescat,

223 3424 330 3500 linquit
344 3426 424 3484 enim
438 3444 544 3502 supera
557 3427 639 3484 taetri
654 3426 813 3502 primordia
826 3425 887 3497 viri,
