2498 3894
196 243 257 291 110
529 240 758 296 nocuimus
1027 242 1094 314 [iv.

191 401 241 477 qui
255 400 341 460 simul
355 410 443 475 atque
456 401 517 459 vias
532 401 684 459 oculorum
698 401 763 460 luce
777 402 900 477 replevit

191 502 278 567 atque
292 492 430 567 patefecit
445 510 516 566 quas
530 502 598 549 ante
613 491 767 550 obsederat
780 497 830 552 aer
1047 513 1094 567 345

190 593 261 655 ater,
276 583 417 640 continuo
431 599 528 639 rerum
543 583 695 640 simulacra
709 593 847 640 secuntur
871 575 880 593 '

190 691 266 747 quae
281 674 335 731 sita
348 681 416 731 sunt
429 672 459 729 in
472 672 547 742 luce,
562 672 765 747 lacessuntque
780 683 812 730 ut
825 672 986 735 videamus

191 762 272 838 quod
286 764 495 821 contrafacere
510 762 541 819 in
555 763 682 820 tenebris
697 781 713 820 e
728 763 793 821 luce
807 765 962 839 nequimus

190 864 345 928 propterea
359 854 428 928 quia
441 853 585 928 posterior
599 852 727 926 caliginis
742 857 790 912 aer

190 944 313 1001 crassior
326 943 487 1018 insequitur
500 944 550 1018 qui
564 951 671 1000 cuncta
685 943 828 1000 foramina
841 945 972 1020 complet
1046 965 1060 1016 3
1063 964 1096 1016 50

190 1033 356 1108 obsiditque
370 1035 431 1092 vias
445 1035 606 1105 oculorum,
620 1050 659 1090 ne
674 1032 827 1090 simulacra

189 1126 302 1199 possint
316 1126 436 1182 ullarum
450 1143 546 1182 rerum
561 1124 695 1183 coniecta
710 1141 837 1181 movere.

190 1215 402 1289 quadratasque
416 1215 519 1290 procul
533 1215 616 1272 turris
631 1232 700 1271 cum
713 1215 857 1272 cemimus
872 1215 959 1286 urbis,

189 1315 344 1381 propterea
358 1306 390 1362 fit
404 1306 445 1362 uti
458 1305 612 1363 videantur
625 1322 713 1379 saepe
727 1304 881 1377 rutundae,

189 1397 310 1470 angulus
325 1405 448 1470 optusus
464 1395 534 1470 quia
546 1396 633 1470 longe
648 1395 775 1452 cernitur
789 1395 885 1452 omnis
1046 1415 1077 1468 35
1080 1414 1094 1468 5

105 1504 109 1511 ·
189 1485 248 1543 sive
264 1487 351 1543 etiam
366 1486 463 1560 potius
479 1504 539 1543 non
554 1486 681 1542 cernitur
695 1503 729 1542 ac
744 1485 819 1559 perit
833 1485 895 1543 eius

188 1575 275 1651 plaga
288 1594 344 1632 nec
358 1575 396 1632 ad
411 1584 523 1633 nostras
537 1575 615 1632 acies
630 1575 787 1650 perlabitur
800 1575 884 1645 ictus,

188 1669 255 1724 aera
269 1684 322 1741 per
336 1666 458 1723 multum
473 1666 542 1740 quia
555 1664 627 1722 dum
642 1665 794 1722 simulacra
807 1667 947 1736 feruntur,

188 1757 267 1830 cogit
282 1756 440 1813 hebescere
456 1774 524 1813 eum
539 1755 645 1813 crebris
660 1755 817 1814 offensibus
832 1759 888 1814 aer.

188 1844 246 1904 hoc
260 1846 309 1903 ubi
324 1845 439 1920 suffugit
453 1864 570 1903 sensum
585 1845 671 1903 simul
683 1846 804 1920 angulus
819 1844 924 1915 omnia,
1046 1853 1097 1917 360
1141 1900 1144 1905 .

187 1936 220 1993 fit
233 1936 316 2010 quasi
330 1944 361 1993 ut
376 1935 414 1992 ad
428 1945 544 1993 tornum
560 1953 695 1993 saxorum
709 1945 817 1993 structa
831 1943 979 2008 terantur;

186 2045 247 2084 non
262 2036 361 2084 tamen
375 2035 407 2082 ut
422 2044 521 2082 coram
535 2044 611 2100 quae
626 2035 693 2083 sunt
705 2044 835 2099 vereque
850 2024 987 2096 rutunda,

187 2115 240 2174 sed
255 2117 337 2190 quasi
350 2115 546 2173 adumbratim
560 2116 678 2190 paulum
694 2115 826 2172 simulata
838 2114 986 2172 videntur.

185 2207 290 2264 umbra
301 2205 416 2263 videtur
430 2206 499 2262 item
514 2207 599 2264 nobis
615 2207 644 2262 in
659 2206 719 2263 sole
734 2205 846 2262 moveri

186 2306 216 2354 et
229 2297 350 2371 vestigia
363 2306 461 2353 nostra
475 2297 557 2370 sequi
571 2305 743 2369 gestumque
759 2295 883 2368 imitari3
1046 2304 1094 2368 365

185 2389 253 2445 aera
267 2387 291 2444 si
306 2386 400 2443 credis
415 2387 558 2461 privatum
572 2387 680 2443 lumine
695 2404 784 2460 posse

185 2476 350 2551 indugredi,
366 2487 462 2533 motus
477 2476 629 2533 hominum
643 2486 817 2550 gestumque
832 2485 1026 2550 sequentem;

184 2585 253 2623 nam
267 2567 308 2623 nil
322 2584 385 2624 esse
400 2576 497 2640 potest
512 2566 581 2623 aliut
594 2567 648 2623 nisi
663 2567 770 2624 lumine
786 2585 884 2623 cassus

184 2658 234 2713 aer
248 2655 279 2713 id
293 2656 375 2730 quod
390 2674 444 2713 nos
459 2656 591 2714 umbram
605 2656 757 2731 perhibere
772 2660 900 2716 suemus

108 2803 112 2809 .
184 2749 320 2806 nimirum
335 2749 404 2823 quia
418 2759 493 2806 terra
506 2749 579 2806 locis
594 2767 630 2806 ex
645 2748 747 2806 ordine
763 2749 848 2806 certis
1045 2768 1094 2820 370

184 2838 293 2895 lumine
308 2839 435 2913 privatur
449 2840 516 2896 solis
531 2857 717 2913 quacumque
732 2846 864 2896 meantes

185 2928 338 3001 officimus‚
353 2928 480 3002 repletur
494 2930 564 2986 item
579 2928 660 3003 quod
675 2929 811 3002 liquimus
826 2929 898 3000 eius,

183 3027 340 3092 propterea
353 3018 387 3074 fit
401 3019 442 3097 uti
456 3018 597 3091 videatur,
613 3037 689 3092 quae
704 3019 757 3075 suit
771 3018 875 3076 umbra

184 3107 323 3180 corporis
339 3124 355 3163 e
370 3096 489 3181 regione
504 3107 609 3165 eadem
623 3126 678 3165 uos
692 3126 785 3181 usque
800 3117 910 3165 secuta.

184 3214 301 3271 semper
314 3196 392 3253 enim
407 3214 484 3254 nova
498 3215 529 3254 se
543 3197 691 3255 radiorum
705 3198 815 3255 lumina
828 3196 955 3257 fundunt
1046 3217 1091 3269 375

132 3339 136 3345 .
183 3286 335 3361 primaque
350 3286 528 3361 dispereunt,
543 3287 628 3362 quasi
641 3287 669 3345 in
685 3287 784 3362 ignem
798 3287 865 3345 lana
878 3288 1014 3349 trahatur.
1078 3302 1084 3314 ·

113 3408 118 3414 ·
138 3376 339 3455 “propterea
353 3376 437 3435 facile
451 3386 481 3435 et
495 3379 634 3452 spoliatur
646 3378 755 3434 lumine
770 3387 845 3435 terra

119 3470 153 3543 fs·
164 3456 172 3524 ⁴,
183 3456 214 3525 et
227 3469 355 3544 repletur
368 3469 439 3526 item
452 3468 607 3544 nigrasque
622 3469 675 3526 sibi
687 3468 777 3526 abluit
791 3469 917 3528 umbras
