2498 3894
195 174 251 244 11.]
440 175 494 228 DE
514 175 661 228 RERUM
689 175 861 228 NATURA
1058 182 1094 249 51

774 325 777 328 Α
794 304 799 325 t

157 356 164 362 ’
233 336 310 395 Illud
324 336 354 394 in
369 336 412 395 his
427 336 610 411 obsignatum
626 354 744 410 quoque
758 337 844 395 rebus
859 335 967 397 habere

193 428 331 484 convenit
344 436 374 484 et
387 427 510 484 memori
524 427 694 484 mandatum
709 437 808 484 mente
822 436 932 500 tenere,

192 517 233 575 nil
248 536 320 589 esse,
335 517 365 575 in
379 527 516 592 promptu
531 516 656 593 quorum
666 527 773 600 patura
787 518 912 592 videtur,

192 607 274 682 quod
288 625 395 682 genere
410 625 447 665 ex
460 625 520 666 uno
535 608 673 665 consistat
687 608 905 682 principiorum,

192 716 248 755 nec
261 698 421 778 quicquam
436 697 517 772 quod
531 716 592 756 non
607 700 749 772 permixto
765 700 876 756 semine
891 709 1014 758 constet.
1048 708 1094 772 585

192 798 222 845 et
236 787 445 862 quodcumque
460 788 552 862 magis
565 790 608 846 vis
623 789 726 846 multas
742 789 872 863 possidet
886 791 961 849 inse

192 889 280 952 atque
295 887 464 953 potestates
480 880 519 936 ita
532 879 655 953 plurima
669 880 878 954 principiorum

192 969 223 1026 in
237 985 301 1026 sese
315 987 423 1044 genera
436 988 471 1026 ac
485 969 576 1026 varias
591 968 679 1026 docet
694 987 757 1026 esse
772 970 886 1044 figuras.

192 1059 336 1134 principio
351 1054 537 1118 tellus'habet
551 1060 581 1116 in
596 1077 626 1116 se
642 1077 765 1133 corpora
779 1061 873 1134 prima

193 1149 273 1207 unde
287 1167 367 1208 mare
381 1150 546 1207 inmensum
560 1149 708 1207 volventes
717 1149 828 1224 'frigora
841 1151 937 1209 fontes

193 1240 315 1298 adsidue
329 1237 480 1312 renovent,
495 1240 583 1297 habet
598 1240 679 1314 ignes
694 1239 772 1297 unde
788 1240 923 1300 oriantur.

193 1349 261 1388 nam
276 1331 373 1388 multis
387 1348 529 1388 succensa
542 1330 613 1387 locis
628 1328 731 1386 ardent
746 1330 807 1387 sola
821 1340 922 1403 terrae,

193 1421 305 1478 eximiis
319 1438 388 1478 vero
403 1421 469 1477 furit
484 1419 597 1494 ignibus
612 1420 738 1493 impetus
753 1421 876 1480 Aetnae.

192 1521 255 1568 turn
269 1529 356 1585 porro
371 1510 477 1567 nitidas
491 1511 586 1584 fruges
601 1510 774 1584 arbustaque
789 1510 865 1567 laeta

192 1602 326 1676 gentibus
341 1601 474 1659 humanis
488 1600 576 1658 habet
590 1599 670 1670 unde
685 1601 821 1657 extoliere
836 1601 937 1675 possit,

192 1690 271 1748 unde
286 1691 374 1748 etiam
388 1690 489 1748 fluvios
504 1688 622 1748 fronde's
637 1700 665 1747 et
680 1691 787 1764 pabula
801 1691 876 1748 laeta

192 1781 360 1856 montivago
374 1782 472 1855 generi
488 1782 579 1855 possit
593 1781 733 1855 praebere
748 1782 881 1840 ferarum.

192 1889 281 1945 quare
296 1889 401 1945 magna
418 1871 507 1928 deum
522 1880 614 1928 mater
628 1880 778 1945 materque
793 1873 917 1930 serarum

192 1971 221 2018 et
235 1962 325 2019 nostri
338 1961 470 2036 genetrix
483 1961 557 2018 haec
571 1961 651 2019 dicta
665 1971 707 2019 est
722 1963 851 2035 corporis
867 1981 933 2020 una.

232 2053 322 2109 Hanc
336 2060 447 2109 veteres
462 2051 582 2110 Graium
596 2051 678 2109 docti
692 2052 825 2110 cecinere
840 2062 947 2127 poetae

138 2132 184 2223 χ
193 2174 921 2192 .........

192 2230 311 2289 sedibus
325 2231 354 2288 in
370 2250 454 2289 curru
469 2231 582 2306 biiugos
596 2231 703 2306 agitare
718 2231 828 2304 leones,

192 2321 264 2378 aeris
279 2322 308 2379 in
323 2322 416 2396 spatio
431 2340 566 2396 magnam
581 2321 711 2395 pendere
726 2321 869 2379 docentes

191 2412 323 2485 tellurem
337 2429 435 2486 neque
449 2429 537 2486 posse
552 2412 582 2468 in
597 2421 672 2468 terra
686 2413 786 2468 sistere
802 2422 915 2471 terram.

191 2500 350 2559 adiunxere
365 2503 448 2571 feras,
463 2503 531 2575 quia
545 2502 676 2577 quamvis
691 2502 778 2559 effera
791 2504 887 2577 proies

192 2591 294 2649 officiis
309 2591 399 2649 debet
412 2592 515 2648 molliri
529 2593 605 2649 victa
620 2601 781 2666 parentum.

192 2681 352 2756 muralique
368 2691 456 2756 caput
470 2700 617 2739 summum
633 2683 750 2739 cinxere
765 2701 884 2754 corona,

192 2772 304 2828 eximiis
318 2772 430 2829 munita
443 2771 515 2828 locis
530 2772 598 2846 quia
612 2773 733 2829 sustinet
748 2773 851 2844 urbes;

192 2879 252 2936 quo
267 2879 346 2918 nunc
359 2861 462 2935 insigni
477 2879 530 2936 per
543 2879 662 2936 magnas
677 2863 809 2937 praedita
822 2873 911 2921 terras
966 2902 968 2906 -

191 2949 325 3008 horrifice
340 2951 428 3008 fertur
443 2950 559 3009 divinae
574 2953 672 3010 matris
686 2953 792 3027 imago.

192 3040 268 3099 hanc
281 3042 377 3098 variae
391 3050 492 3115 gentes
508 3042 628 3116 antiquo
643 3061 723 3099 more
739 3062 886 3101 sacrorum

192 3131 313 3189 Idaeam
327 3131 457 3188 vocitant
470 3141 591 3189 matrem
607 3131 802 3207 Phrygiasque
818 3143 947 3191 catervas

191 3221 264 3280 dant
277 3221 410 3292 comites,
425 3221 492 3295 quia
506 3222 631 3297 primum
646 3223 749 3280 exiliis
764 3223 868 3281 finibus
883 3223 975 3282 edunt

191 3329 246 3387 per
259 3321 398 3369 terrarum
413 3311 515 3369 orbem
530 3312 624 3386 fruges
640 3313 773 3388 coepisse
788 3314 887 3372 creari.

191 3401 282 3478 gallos
296 3401 464 3472 attribuunt,
481 3402 558 3476 quia,
573 3420 684 3460 numen
699 3404 749 3478 qui
762 3403 896 3462 violarint

63 3536 273 3733 ἥλω.
310 3554 541 3692 (tanta,
