2498 3894
127 224 182 297 ΙΙ.]
368 224 423 277 DE
448 224 593 277 RERUM
619 224 792 278 NATURA
987 227 1026 294 35

124 386 148 443 si
161 404 223 444 non
236 403 324 444 aurea
337 394 403 443 sunt
416 385 554 442 iuvenum
568 384 721 442 simulacra
734 404 787 461 per
800 387 890 446 aedes

124 475 273 551 lampadas
287 476 419 551 igniferas
434 475 567 532 manibus
581 475 735 533 retinentia
749 475 866 551 dextris,
998 497 1027 551 ²5

124 567 234 624 lumina
247 566 394 623 nocturnis
409 565 501 641 epulis
515 575 548 623 ut
562 564 794 640 suppeditentur,

124 675 181 714 nec
195 655 300 714 domus
314 665 434 730 argento
449 655 681 730 fulgetauroque
696 657 811 716 renidet

122 765 179 804 nec
194 746 320 803 citharae
335 746 457 804 reboant
470 746 604 820 laqueata
618 756 776 822 aurataque
791 756 877 821 tecta,

123 856 192 894 cum
206 847 305 895 tamen
319 838 394 894 inter
407 855 438 894 se
453 837 587 910 prostrati
601 837 631 895 in
645 838 775 912 gramine
790 839 867 896 molli

123 937 242 1002 propter
256 945 348 1001 aquae
363 927 455 984 rivum
471 927 525 984 sub
538 927 624 985 ramis
639 928 748 986 arboris
762 928 836 986 altae
996 951 1029 1001 30

123 1037 185 1076 non
200 1017 310 1092 magnis
325 1017 431 1093 opibus
445 1016 574 1075 iucunde
589 1035 713 1092 corpora
726 1028 836 1090 curant,

122 1109 292 1185 praesertim
307 1125 375 1165 cum
389 1116 547 1183 tempestas
561 1107 675 1165 adridet
689 1117 719 1166 et
732 1109 801 1166 anni

123 1207 257 1273 tempora
270 1207 468 1273 conspergunt
480 1196 628 1255 viridantis
643 1198 760 1257 floribus
775 1199 887 1258 herbas,

122 1307 179 1346 nec
194 1286 305 1346 calidae
321 1288 404 1347 citius
418 1287 568 1346 decedunt
582 1306 705 1363 corpore
719 1289 823 1361 febres,

121 1379 269 1437 textilibus
283 1379 308 1438 si
321 1379 351 1437 in
366 1379 485 1454 picturis
500 1388 638 1452 ostroque
653 1378 768 1437 rubenti
995 1399 1026 1454 35

122 1470 246 1543 iacteris‚
260 1488 349 1545 quam
363 1470 387 1529 si
400 1469 431 1527 in
445 1469 559 1544 plebeia
572 1478 653 1526 veste
668 1468 837 1527 cubandum
852 1481 906 1528 est.

123 1570 300 1636 quapropter
314 1559 453 1636 quoniam
467 1559 508 1616 nil
521 1568 622 1616 nostro
636 1559 665 1617 in
681 1577 804 1634 corpore
819 1578 906 1634 gazae

122 1652 279 1727 proficiunt
292 1668 389 1725 neque
405 1649 539 1708 nobilitas
554 1667 610 1706 nec
624 1649 715 1724 gloria
728 1649 819 1724 regni,

122 1740 204 1816 quod
218 1750 357 1816 superest,
371 1740 470 1797 animo
485 1757 603 1815 quoque
618 1739 658 1797 nil
671 1738 811 1814 prodesse
825 1740 1007 1815 putandum;
1022 1771 1072 1782 ⁴-

121 1833 145 1890 si
159 1849 220 1890 non
234 1832 316 1906 forte,
322 1840 385 1888 tuas
398 1830 528 1905 legiones
542 1847 595 1904 per
608 1829 675 1886 loca
688 1829 786 1903 campi
993 1853 1027 1900 40

121 1922 230 1980 fervere
245 1939 313 1978 cum
327 1919 426 1978 videas
440 1920 507 1978 belli
521 1919 674 1978 simulacra
687 1919 800 1990 cientiS,

121 2011 255 2070 subsidiis
268 2010 381 2085 magnis
396 2019 425 2067 et
439 2027 524 2067 ecum
538 2009 566 2066 vi
580 2009 786 2079 constabilitas,

121 2111 295 2176 ornatasque
309 2101 396 2157 armis
410 2107 516 2157 statuas
530 2099 694 2174 pariterque
709 2100 859 2171 animatas,

120 2191 165 2250 his
179 2193 232 2250 tibi
246 2202 308 2250 tum
322 2190 409 2248 rebus
423 2189 589 2248 timefactae
603 2189 757 2264 religiones

121 2281 261 2358 effugiunt
274 2281 373 2340 animo
387 2279 513 2356 pavide3
534 2279 692 2353 mortisque
707 2280 825 2338 timores
993 2299 1024 2352 45

119 2381 182 2430 tum
197 2391 321 2430 vacuum
336 2380 439 2447 pectus
452 2371 564 2428 lincunt
578 2387 705 2444 curaque
720 2370 855 2442 solutum,

120 2464 230 2521 fervere
245 2481 312 2521 cum
327 2461 427 2520 videas
441 2461 564 2519 classem
578 2461 693 2534 lateque
708 2460 813 2534 vagari.

120 2553 203 2627 quod
217 2553 241 2610 si
255 2551 377 2610 ridicula
390 2551 463 2610 haee
477 2550 657 2623 ludibriaque
673 2568 736 2608 esse
751 2549 893 2623 videmus,

119 2662 151 2701 re
164 2661 291 2718 veraque
304 2652 400 2700 metus
414 2641 565 2699 hominum
579 2658 724 2714 curaeque
740 2657 881 2714 sequaces

119 2752 176 2792 nec
189 2742 324 2791 metuunt
337 2733 447 2790 sonitus
462 2749 607 2789 armorum
621 2749 677 2788 nec
692 2731 752 2787 sera
766 2729 824 2788 tela

119 2823 316 2898 audacterque
331 2823 404 2881 inter
417 2840 500 2897 reges
514 2838 668 2894 rerumque
683 2820 811 2895 potentis
950 2829 953 2835 ’
992 2841 1023 2892 5ο

119 2924 268 2972 versantur
281 2931 378 2987 neque
393 2913 534 2987 fulgorem
548 2920 716 2969 reverentur
730 2911 767 2972 ab
781 2929 852 2970 auro

119 3022 176 3062 nec
190 3004 299 3062 clarum
312 3003 400 3061 vestis
414 3000 602 3077 splendorem
616 3000 781 3075 purpureai,

119 3093 192 3170 quid
206 3093 321 3153 dubitas
334 3094 405 3168 quin
420 3093 509 3151 omni’
524 3092 561 3150 sit
575 3091 649 3148 haec
662 3091 774 3149 rationi’
789 3093 938 3165 potestas?

120 3184 215 3243 omnis
229 3202 298 3241 cum
311 3184 342 3240 in
355 3183 480 3241 tenebris
495 3181 662 3256 praesertim
677 3181 736 3238 vita
748 3181 869 3239 laboret

119 3293 188 3333 nam
203 3274 291 3332 veluti
305 3274 387 3349 pueri
402 3271 547 3347 trepidant
561 3281 649 3345 atque
664 3271 763 3328 omnia
777 3269 872 3328 caecis
990 3286 1020 3340 55

120 3365 150 3423 in
163 3364 291 3423 tenebris
304 3373 447 3434 metuunt,
462 3362 571 3420 sic‘nos
586 3362 615 3418 in
630 3361 695 3418 luce
709 3361 845 3418 timemus

120 3454 276 3527 interdum,
290 3454 351 3512 nilo
364 3471 439 3528 quae
453 3462 521 3511 sunt
535 3450 693 3510 metuenda
706 3450 798 3525 magis
812 3467 900 3525 quam
