2498 3894
238 231 282 295 90
572 230 805 284 LUCRETIUS
1068 231 1140 302 [111.

238 388 278 446 ire
284 387 428 537 gamana,
443 397 542 447 tamen
557 406 695 464 quaeram
709 407 761 446 cur
775 407 792 447 e
806 389 930 464 sapienti

238 490 283 537 stu
337 488 425 554 queat
439 480 509 551 fieri,
525 497 581 536 nec
595 479 725 554 prudens
739 480 775 537 sit
788 497 861 554 puer
874 481 957 551 ullus

237 579 366 627 nectam
381 568 485 626 doctus
500 588 594 643 equae
608 570 702 644 pullus
716 587 805 644 quam
819 570 899 628 sortis
913 571 982 645 eqni
995 572 1047 630 vis.

237 660 347 718 scilicet
361 660 390 717 in
405 669 507 717 tenero
522 670 703 717 tenerascere
718 678 841 735 corpore
856 672 985 719 mentem
1092 669 1137 733 765

47 800 52 809 ,
139 812 149 830 Ι,
237 719 413 825 confugien'l.
436 748 518 824 quod
532 750 556 807 si
570 750 627 806 iam
642 751 683 822 fit,
698 750 804 807 fateare
819 763 968 810 necessest

236 841 388 898 mortalem
403 858 466 898 esse
481 840 617 911 animam,
633 841 773 914 quoniam
787 851 896 898 mutata
910 860 963 917 per
976 852 1053 900 artus

236 940 317 989 tanto
332 949 420 1006 opere
435 931 539 988 amittit
552 931 642 988 vitam
656 949 832 1006 sensumque
846 932 982 1006 priorem.

236 1039 331 1095 quove
346 1020 437 1079 modo
451 1020 558 1096 poterit
571 1021 678 1094 pariter
692 1040 760 1077 cum
774 1039 897 1095 corpore
912 1041 1030 1097 quoque

236 1112 407 1169 confirmata
421 1113 552 1186 cupitum
567 1112 668 1168 aetatis
682 1120 801 1186 tangere
816 1111 918 1169 florem
1092 1134 1140 1182 770

235 1202 276 1259 vis
290 1203 388 1273 animi,
403 1203 457 1260 nisi
472 1203 525 1259 erit
539 1220 659 1259 consors
673 1202 703 1258 in
718 1202 827 1276 origine
841 1203 956 1276 prima?

235 1292 341 1366 quidve
356 1293 431 1351 foras
446 1293 499 1350 sibi
513 1292 573 1350 vult
587 1292 724 1349 membris
739 1292 816 1349 exire
831 1292 977 1350 senectis?

235 1401 272 1440 an
287 1384 389 1440 metuit
403 1383 542 1440 conclusa
555 1399 673 1439 manere
688 1382 718 1439 in
733 1401 855 1457 corpore
870 1384 947 1458 putri

235 1483 264 1531 et
279 1473 384 1531 domus
399 1474 500 1531 aetatis
515 1474 609 1548 spatio
624 1490 661 1529 ne
676 1473 752 1530 fessa
765 1482 881 1531 vetusto

234 1564 357 1622 obruat?
377 1573 407 1622 at
421 1582 482 1621 non
497 1574 563 1621 sunt
578 1563 732 1621 immortali
746 1564 804 1620 ulla
818 1564 934 1639 pericla.
1092 1583 1138 1636 775

275 1654 411 1728 Denique
427 1654 555 1712 conubia
569 1653 607 1711 ad
621 1654 743 1711 Veneris
757 1664 915 1729 partusque
930 1655 1055 1712 ferarum

234 1761 298 1801 esse
313 1745 422 1802 animas
436 1755 552 1820 praesto
567 1743 760 1802 deridiculum
776 1763 839 1802 esse
853 1744 976 1818 videtur,

235 1844 389 1908 expectare
404 1835 573 1893 immortalis
588 1834 719 1891 mortalia
734 1835 864 1892 membra
896 1871 899 1876 -

233 1923 386 1982 innumero
401 1934 707 2009 numeropcertareque
721 1933 982 1998 praeproperanter

233 2013 308 2072 inter
321 2032 351 2072 se
367 2032 441 2089 quae
456 2017 549 2089 prima
563 2016 771 2090 potissimaque
787 2015 966 2088 insinuetu13
1092 2024 1140 2083 780

233 2105 257 2161 si
270 2123 331 2162 non
346 2105 418 2162 forte
433 2105 473 2162 ita
487 2116 553 2162 suut
567 2106 726 2161 animarum
742 2105 861 2162 foedera
875 2114 962 2179 pacta

233 2203 265 2252 ut
280 2213 354 2269 quae
368 2196 462 2271 prima
474 2196 575 2253 volans
589 2195 739 2254 advenerit
754 2195 914 2253 insinuetur

233 2287 435 2374 primamque
450 2289 524 2345 inter
538 2307 569 2346 se
584 2288 766 2346 contendant
779 2288 886 2346 viribus
901 2287 1000 2345 hilum.

274 2379 409 2453 Denique
425 2380 453 2435 in
469 2379 586 2436 aethere
601 2397 661 2436 non
676 2380 768 2450 arbor,
783 2397 845 2436 non
859 2397 986 2452 aequore
1001 2379 1031 2435 in
1044 2379 1103 2437 alto

232 2467 326 2526 nubes
341 2487 403 2526 esse
418 2477 529 2542 queunt
543 2487 599 2525 nec
613 2469 709 2544 pisces
723 2470 818 2525 vivere
833 2469 863 2525 in
877 2470 950 2526 arvis
1092 2479 1137 2541 785

233 2576 289 2615 nec
304 2576 389 2615 cruor
402 2559 432 2615 in
446 2559 530 2634 lignis
545 2577 641 2633 neque
657 2559 731 2616 saxis
746 2577 832 2616 sucus
847 2559 953 2617 inesse.

233 2658 344 2705 certum
359 2667 394 2705 ac
409 2649 609 2723 dispositumst
623 2650 672 2707 ubi
687 2649 819 2723 quicquit
833 2660 944 2707 crescat
959 2658 988 2706 et
1003 2648 1079 2707 insit.

233 2738 274 2795 sic
288 2739 376 2795 animi
390 2749 491 2796 natura
504 2741 606 2814 nequit
620 2740 681 2797 sine
697 2757 819 2814 corpore
834 2739 901 2797 oriri
935 2815 937 2820 Ι

232 2828 293 2885 sola
306 2847 403 2903 neque
418 2847 435 2885 a
448 2830 542 2886 nervis
557 2840 587 2886 et
601 2831 741 2905 sanguiue
756 2802 879 2904 lon'giter
893 2848 966 2888 esse.
1086 2756 1217 2899 ω

232 2918 351 2993 quodsi
369 2918 482 2994 (posset
497 2919 575 2977 enim
590 2921 681 2978 multo
695 2919 787 2996 prius)
805 2921 869 2995 ipsa
882 2920 970 2978 animi
984 2920 1026 2978 vis
1091 2941 1140 2994 790

231 3008 370 3083 incapite
385 3019 435 3066 aut
448 3011 555 3067 umeris
570 3020 618 3067 aut
632 3011 697 3068 imis
712 2997 840 3068 calcibus
854 3027 918 3067 esse

232 3109 331 3173 posset
345 3107 375 3156 et
389 3099 500 3158 innasci
514 3101 614 3174 quavis
630 3101 658 3157 in
672 3110 762 3174 parte,
777 3100 884 3157 soleret

232 3187 351 3246 tandem
367 3190 396 3246 in
411 3189 518 3247 eodem
530 3190 648 3247 homine
663 3201 750 3264 atque
765 3191 795 3246 in
806 3189 913 3247 eodem
924 3207 993 3247 vase
1008 3208 1129 3250 manere

231 3277 311 3353 qood
327 3281 466 3352 quoniam
480 3290 580 3337 nostro
595 3253 714 3352 quilque
729 3289 842 3337 constat
856 3298 981 3354 corpore
995 3292 1109 3340 certum

1131 3237 1150 3273 '0

256 3370 260 3379 .
334 3369 339 3380 .
497 3371 502 3381 .
647 3370 652 3381 .
1008 3371 1014 3382 .
1111 3246 1239 3393 νᾶ

232 3368 462 3443 dispositumque
477 3368 590 3426 videtur
604 3370 654 3426 ubl
668 3388 731 3427 esse
746 3379 775 3427 et
789 3388 921 3427 crescere
936 3381 1029 3444 possit
1090 3391 1137 3445 795

232 3477 343 3517 sorsum
359 3461 455 3518 anima
467 3469 555 3535 atque
570 3460 692 3532 animus,
707 3469 788 3517 tanto
803 3461 897 3535 magis
912 3460 1096 3521 infitiandum

34 3548 393 3671 salawa
428 3571 664 3757 artas
