2498 3894
118 217 188 289 VI.]
343 217 398 270 DE
424 217 570 271 RERUM
598 217 769 272 NATURA
960 217 1021 283 205

121 392 221 433 nonne
235 374 318 435 vides
333 376 429 448 etiarn,
445 387 588 435 nocturna
601 377 640 435 ad
653 377 763 436 lumina
776 378 868 436 linum
975 399 1025 451 900

118 485 213 542 nuper
226 467 275 525 ubi
290 468 449 524 extinctum
464 467 630 540 admoveas,
645 467 802 527 accendier
815 479 883 527 ante

119 575 208 631 quam
222 558 315 632 tetigit
329 558 485 630 flammam,
500 558 676 632 taedamque
691 560 751 633 pari
766 559 899 618 ratione?

119 647 267 721 multaque
283 657 432 722 praeterea
446 648 524 722 prius
540 648 603 722 ipso
618 659 695 705 tacta
708 667 817 722 vapore

120 737 234 794 eminus
249 737 404 795 ardescunt
419 756 507 811 quam
522 739 687 796 comminus
702 739 813 796 imbuat
826 739 910 812 ignis,

120 827 177 885 hoc
192 828 276 902 igitur
290 828 350 884 fieri
365 846 483 903 quoque
499 829 530 885 in
543 829 591 886 illo
606 829 686 886 fonte
700 828 899 903 putandumst.
976 845 1024 901 905

161 917 252 990 Quod
267 928 407 992 superest,
422 937 507 992 agere
522 919 659 993 incipiam
675 937 733 992 quo
749 918 868 976 loedere
882 920 933 976 fiat

120 1018 248 1077 naturae,
264 1008 337 1082 lapis
352 1009 400 1065 hic
415 1019 446 1065 ut
461 1009 566 1065 sermm
582 1008 690 1066 ducere
704 1009 805 1083 possit,

121 1117 209 1173 quem
225 1099 365 1173 Magneta
378 1109 484 1155 vocant
498 1099 591 1173 patrio
606 1097 644 1156 de
659 1099 779 1156 nomine
794 1100 874 1168 Grai,

122 1190 293 1262 Magnetum
309 1190 377 1262 quia
390 1189 422 1245 lit
438 1189 535 1262 patriis
549 1189 579 1246 in
595 1189 700 1248 finibus
714 1198 802 1246 ortus.

121 1277 199 1334 hunc
216 1278 349 1335 homines
365 1277 492 1352 lapidem
508 1280 665 1350 mirantur3
687 1279 797 1353 quippe
812 1288 946 1336 catenam
975 1299 1025 1350 910

121 1386 209 1442 saepe
224 1387 260 1425 ex
274 1370 373 1426 anellis
388 1367 484 1426 reddit
499 1368 695 1443 pendentibus
709 1387 746 1426 ex
760 1387 800 1426 se.

121 1459 249 1533 quinque
265 1460 373 1516 etenim
388 1460 455 1516 licet
469 1459 614 1517 interdum
629 1458 784 1534 pluresque
799 1458 898 1516 videre

121 1549 224 1607 ordine
239 1549 380 1607 demissos
395 1551 504 1608 levibus
519 1551 649 1607 iactarier
662 1549 748 1621 auris,

122 1658 196 1697 unus
211 1641 259 1697 ubi
275 1658 311 1697 ex
325 1659 384 1698 uno
399 1640 549 1715 dependet
563 1651 662 1715 supter
676 1640 837 1698 adhaerens

122 1749 159 1788 ex
172 1731 287 1804 alioque
302 1731 372 1788 alius
387 1731 489 1805 lapidis
502 1732 561 1788 vim
575 1732 729 1806 vinclaque
743 1732 856 1788 noscit:
978 1748 1025 1802 915

123 1839 216 1896 usque
231 1820 307 1878 adeo
323 1832 527 1895 permananter
540 1822 582 1878 vis
597 1823 727 1895 pervolat
742 1822 813 1880 eius,

166 1914 236 1969 Hoc
251 1929 341 1985 genus
357 1912 385 1967 in
400 1913 485 1969 rebus
500 1911 702 1969 firmandumst
715 1913 806 1969 multa
820 1912 898 1986 prius
913 1930 1001 1986 quarn

123 2002 214 2077 ipsius
228 2002 268 2058 rei
283 2002 424 2058 rationem
439 2002 562 2059 reddere
578 2003 680 2076 possis,

123 2102 153 2149 et
167 2092 288 2148 nimium
303 2091 395 2166 longis
410 2092 579 2166 ambagibus
594 2100 638 2148 est
651 2091 842 2162 adeundum3

124 2199 183 2257 quo
199 2182 289 2255 magis
304 2192 427 2238 attentas
441 2183 516 2239 auris
531 2181 719 2256 animumque
734 2199 870 2255 reposco.
980 2202 1028 2252 920

166 2272 311 2344 Principio
326 2272 462 2328 omnibus
477 2272 514 2328 ab
528 2271 623 2341 rebus,
639 2289 838 2344 quascumque
853 2271 996 2343 videmuS,

124 2371 267 2437 perpetuo
282 2361 370 2418 fluere
386 2381 420 2418 ac
435 2361 510 2418 mitti
524 2361 678 2436 spargique
693 2371 840 2418 necessest

124 2470 248 2527 corpora
263 2469 338 2526 quae
353 2452 454 2509 feriant
468 2451 569 2509 oculos
584 2452 735 2525 visumque
750 2451 901 2507 lacessant.

124 2553 325 2619 perpetuoque
340 2543 432 2601 fluunt
446 2543 531 2600 certis
546 2542 583 2600 ab
597 2542 683 2600 rebus
698 2541 824 2614 odores;

124 2635 210 2709 srigus
225 2642 256 2690 ut
270 2633 402 2705 alluviis,
417 2634 496 2690 calor
510 2633 547 2691 ab
562 2633 632 2703 sole,
648 2643 744 2690 aestus
758 2632 795 2689 ab
811 2630 899 2690 undis
951 2681 956 2692 .
980 2649 1028 2703 9²5

124 2724 258 2798 aequoris
273 2741 376 2781 exesor
390 2742 556 2781 moerorum
570 2724 653 2781 litora
668 2732 795 2798 propter.

124 2833 181 2872 nec
195 2814 263 2871 varii
278 2823 393 2871 cessant
407 2815 518 2872 sonitus
533 2832 651 2871 manare
667 2831 720 2888 per
734 2831 827 2871 auras.

125 2904 253 2979 denique
268 2904 297 2961 in
312 2923 345 2962 os
360 2905 424 2962 salsi
439 2905 518 2962 venit
532 2923 617 2962 umor
631 2921 719 2978 saepe
735 2903 854 2978 saporis,

100 3066 103 3072 Ι
125 3013 194 3052 cum
208 3013 286 3052 mare
301 3013 447 3052 versamur
460 3005 587 3070 propter,
604 2993 752 3068 dilutaque
768 3005 870 3051 contra

125 3103 193 3142 curn
207 3086 315 3143 tuimur
328 3086 442 3143 misceri
456 3085 608 3156 absinthia,
623 3084 715 3160 tangit
728 3103 849 3142 amaror.
979 3103 1029 3155 930

125 3193 218 3249 usque
232 3174 308 3233 adeo
322 3177 457 3233 omnibus
471 3176 508 3234 ab
521 3176 608 3233 rebus
622 3193 668 3232 res
683 3193 818 3250 quaeque
834 3174 956 3232 fluenter

125 3265 213 3322 fertur
227 3275 255 3322 et
270 3265 298 3322 in
314 3279 434 3324 cunctas
448 3264 599 3323 dimittitur
613 3264 743 3339 undique
757 3265 846 3340 partis

125 3373 182 3413 nec
196 3373 278 3413 mora
291 3374 347 3413 nec
361 3354 476 3430 requies
489 3356 650 3413 interdatur
663 3355 721 3412 ulla
734 3352 853 3426 fluendi,

125 3456 267 3521 perpetuo
282 3447 420 3521 quoniam
434 3447 583 3518 sentimus,
598 3455 628 3504 et
642 3445 741 3504 omnia
753 3462 870 3520 semper
