2498 3894
125 238 183 317 158
454 248 684 333 nuenarius
970 246 1021 318 [v.

120 411 159 469 ad
173 413 303 487 speciem
317 414 403 471 vertit
415 411 500 470 nobis
514 411 673 485 oculosque
687 413 813 485 patentis
825 432 834 486 ;

120 501 189 560 inde
204 503 369 560 minutatim
383 511 461 559 retro
475 510 650 574 contorquet
664 510 693 558 et
707 502 800 559 aufert
976 519 1022 574 ⁷25

120 593 268 650 luciferam
283 603 395 668 partem
409 591 624 666 glomeraminis
639 600 727 666 atque
741 591 808 666 pilai
820 610 828 664 3

120 692 153 741 ut
167 683 346 758 Babylonica
359 681 540 740 Chaldaeum
555 679 690 738 doctrina
702 682 829 739 refutans

120 773 331 847 astrologorum
346 781 437 828 artem
452 782 555 827 contra
568 771 742 829 convincere
757 771 858 844 tendit,

120 861 244 938 proinde
259 862 341 936 quasi
355 861 385 917 id
400 860 461 917 fieri
475 870 604 934 nequeat
618 859 700 934 quod
713 872 824 936 pugnat
839 871 961 939 uterque

120 962 170 1012 aut
183 953 279 1010 minus
292 952 351 1008 boc
365 952 413 1008 illo
427 951 464 1008 sit
478 969 529 1007 cur
543 951 712 1024 amplectier
725 951 810 1009 ausis.
975 972 1025 1024 730
1082 944 1085 949 ’

120 1041 248 1117 denique
263 1061 315 1098 cur
328 1051 456 1115 nequeat
469 1059 586 1115 semper
600 1058 676 1096 nova
689 1040 758 1098 luna
772 1041 863 1100 creari

120 1132 222 1190 ordine
236 1133 393 1189 formarum
408 1141 489 1189 certo
503 1131 648 1205 certisque
662 1130 760 1204 figuris

120 1223 208 1296 inque
224 1222 286 1280 dies
301 1223 397 1297 privos
411 1221 535 1279 aborisci
550 1238 683 1295 quaeque
699 1231 796 1279 creata

120 1323 207 1387 atque
221 1313 276 1370 alia
289 1313 362 1369 illius
376 1311 500 1386 reparari
515 1311 546 1369 in
558 1321 640 1386 parte
652 1311 788 1383 locoque,
1018 1384 1019 1388 Ἰ

121 1402 264 1460 difficilest
277 1403 388 1459 ratione
403 1401 510 1458 docere
525 1411 555 1458 et
569 1401 684 1458 vincere
699 1401 803 1472 verbis,
975 1420 1023 1474 735

121 1491 222 1550 ordine
237 1511 304 1548 curn
319 1493 432 1566 possint
446 1502 503 1549 tam
522 1501 602 1548 certo
617 1491 708 1548 multa
721 1491 821 1548 creari.

120 1582 143 1641 it
155 1600 205 1639 ver
218 1592 247 1639 et
260 1583 370 1651 Venus,
386 1591 415 1639 et
427 1581 550 1638 Veneris
565 1580 752 1654 praenuntius
767 1588 835 1638 ante
901 1623 907 1633 ,

120 1682 262 1747 pennatus
276 1671 415 1746 graditur‚‘
426 1671 543 1746 zephyri
558 1671 676 1745 vestigia
690 1679 809 1745 propter

121 1762 205 1818 Flora
219 1754 324 1836 qdibus
339 1755 430 1818 m'ater
444 1779 650 1836 praespargens
665 1769 732 1817 ante
746 1760 803 1817 viai

119 1861 226 1908 cuncta
240 1852 385 1910 coloribus
399 1851 520 1926 egregiis
535 1860 564 1907 et
578 1849 717 1908 odoribus
731 1849 842 1925 opplet.
974 1871 1024 1918 740

119 1941 188 1999 inde
204 1942 259 1998 loci
275 1942 404 2015 sequitur
418 1941 498 1998 calor
511 1940 608 1997 aridus
623 1950 652 1997 et
666 1958 766 1997 comes
780 1958 840 1997 una

119 2032 317 2106 pulvemlenta
332 2032 420 2090 Ceres
436 2040 465 2087 et
478 2031 567 2088 etesia
581 2031 670 2087 flabra
683 2030 862 2103 aquilonum·

119 2121 188 2178 inde
202 2132 358 2178 autumnus
372 2120 441 2190 adit,
456 2119 584 2194 graditur
598 2119 683 2177 simul
698 2120 809 2177 Euhius
825 2120 919 2177 Euan.

119 2211 188 2268 inde
202 2212 274 2268 aliae
288 2221 475 2284 tempestates
490 2210 626 2283 ventique
641 2220 787 2279 secuntur,

119 2301 273 2359 altitonans
286 2300 443 2357 Volturnus
458 2309 487 2357 et
501 2310 596 2357 auster
610 2300 729 2356 fulmine
743 2299 864 2374 pollens.
974 2317 1021 2371 745

118 2390 238 2448 tandem
252 2392 354 2448 bruma
368 2391 447 2447 nives
462 2389 555 2447 adfert
569 2390 741 2464 pigrumque
756 2390 880 2463 rigorem

118 2481 233 2552 reddit;
252 2479 365 2555 hiemps
380 2480 509 2554 sequitur
523 2481 666 2554 crepitans
682 2476 756 2536 hanc
772 2479 907 2536 dentibus
922 2479 998 2554 algu.

119 2588 179 2643 quo
194 2571 289 2627 minus
306 2580 349 2627 est
364 2571 469 2627 mirum
485 2571 508 2628 si
523 2579 603 2626 certo
618 2578 750 2643 tempore
765 2569 834 2626 luna

120 2660 244 2734 gignitur
257 2670 286 2716 et
301 2670 380 2716 certo
396 2659 508 2717 deletur
522 2668 654 2733 tempore
669 2677 761 2730 rusus

120 2769 188 2806 cum
203 2751 263 2807 fieri
278 2751 390 2825 possint
404 2760 463 2806 tam
478 2759 558 2807 certo
573 2758 706 2824 tempore
721 2748 820 2806 multa.
974 2766 1023 2820 750

158 2840 232 2897 Solis
246 2840 316 2896 item
332 2858 449 2913 quoque
463 2837 596 2896 defectus
610 2838 754 2914 lunaeque
770 2838 892 2895 latebras

121 2929 248 3003 pluribus
264 2947 280 2986 e
295 2930 388 2986 causis
403 2929 464 2986 fieri
479 2929 530 2987 tibi
545 2946 631 3003 posse
647 2928 845 3002 putandumst.

120 3036 189 3074 nam
203 3037 255 3075 cur
268 3019 335 3074 luna
350 3028 439 3092 queat
454 3028 559 3075 terram
573 3017 725 3076 secludere
741 3019 809 3075 solis

121 3106 229 3164 lumine
245 3118 274 3164 et
288 3126 306 3164 a
319 3108 399 3164 terris
414 3107 503 3164 altum
518 3117 608 3181 caput
622 3108 770 3165 obstruere
786 3105 823 3178 ei,

121 3198 252 3255 obiciens
267 3216 388 3254 caecum
404 3197 491 3255 radiis
507 3197 676 3255 ardentibus
690 3197 812 3268 orbem;
975 3214 1022 3269 755

121 3296 254 3361 ternpore
268 3287 374 3344 eodem
388 3288 457 3344 aliut
471 3289 566 3345 facere
580 3287 611 3345 id
625 3306 686 3344 non
699 3304 786 3361 posse
800 3294 917 3361 putetur

121 3394 227 3451 corpus
242 3376 323 3450 quod
338 3395 450 3434 cassum
465 3377 576 3435 labatur
589 3377 698 3434 lumine
713 3376 850 3451 semper?

122 3467 223 3542 solque
239 3485 306 3525 suos
321 3467 408 3524 etiam
423 3465 567 3524 dimittere
582 3466 734 3542 languidus
747 3466 822 3541 ignis
858 3540 864 3546 ⁸
