2498 3894
130 218 178 291 v.]
371 221 426 273 na
452 217 599 273 RERUM
624 216 796 269 NATURA
975 215 1037 281 159

129 387 263 454 tempore
277 397 329 437 cur
342 390 424 438 certo
438 387 565 454 nequeat
578 395 767 452 recreareque
781 377 890 450 lumen,

130 485 199 526 curn
212 469 279 526 loca
291 471 438 544 praeteriit
453 469 575 527 flammis
590 468 695 526 infesta
708 485 761 544 per
774 487 867 539 auras,

130 576 206 633 quae
220 560 330 617 iaciunt
343 560 416 633 ignis
431 558 611 632 interstingui
625 567 713 632 atque
728 559 842 634 perire?

130 658 160 706 et
174 667 226 706 cur
238 658 314 707 terra
328 659 416 724 queat
430 650 529 706 lunam
543 648 668 723 spoliare
683 648 810 707 vicissim

129 737 239 796 lumine
253 748 283 796 et
297 757 469 814 oppressum
483 738 576 796 solem
590 757 678 813 super
692 739 755 814 ipsa
768 749 876 810 tenere,

130 838 278 886 menstrua
292 828 363 886 dum
377 829 484 904 rigidas
499 829 568 888 coni
583 829 741 903 perlabitur
753 830 870 886 umbras
882 850 890 901 3

130 927 263 994 tempore
277 919 385 977 eodem
399 920 469 976 aliut
482 929 610 993 nequeat
623 937 789 977 succurrere
803 920 890 976 lunae

131 1026 238 1084 corpus
250 1007 298 1067 vel
311 1026 398 1084 supra
411 1009 479 1067 solis
493 1009 636 1084 perlabier
649 1010 760 1080 orbem,

131 1098 213 1172 quod
227 1097 324 1157 radios
338 1100 527 1173 interrumpat
542 1100 700 1174 lumenque
714 1100 887 1175 profusum?

132 1197 162 1245 et
176 1197 275 1246 tamen
288 1189 352 1264 ipsa
365 1206 419 1246 suo
434 1189 458 1246 si
472 1189 561 1264 fulget
574 1191 645 1248 luna
657 1191 761 1262 nitore,

131 1297 184 1336 cur
196 1289 322 1353 nequeat
335 1288 415 1336 certa
429 1279 532 1336 mundi
546 1280 732 1355 languescere
747 1289 838 1355 parte,

132 1368 203 1427 dum
217 1370 283 1427 loca
296 1369 454 1428 luminibus
472 1372 596 1446 propriis
610 1372 728 1429 inimica
741 1390 795 1446 per
809 1372 889 1428 exit?
992 1389 1039 1435 770

173 1459 263 1534 Quod
277 1470 420 1541 superest,
435 1462 576 1536 quoniam
590 1462 688 1536 magni
702 1480 763 1547 per!
769 1462 883 1519 caerula
896 1459 1000 1517 mundi

132 1569 192 1626 qua
204 1551 266 1608 fieri
279 1550 421 1626 quicquid
436 1562 536 1627 posset
549 1553 659 1610 ratione
674 1552 789 1623 resolvi,
989 1554 993 1561 '

133 1643 201 1700 solis
214 1626 256 1699 u'ti
270 1641 365 1701 varios
379 1661 481 1700 cursus
495 1643 638 1717 lunaeque
653 1653 766 1701 meatus

131 1749 254 1791 noscere
269 1749 423 1806 possemus
438 1751 513 1809 quae
528 1734 570 1791 vis
585 1743 615 1791 et
629 1752 717 1791 causa
731 1733 829 1804 cieret,
992 1747 1038 1800 775

133 1840 228 1897 quove
243 1820 336 1880 modo
350 1833 472 1899 possent
485 1823 592 1882 offecto
606 1823 714 1880 lumine
730 1823 810 1882 obire

133 1921 163 1969 et
176 1930 273 1987 neque
287 1913 435 1988 opinantis
450 1914 575 1971 tenebris
590 1913 739 1971 obducere
755 1923 853 1984 terras,

133 2020 202 2060 cum
216 2003 299 2077 quasi
314 2004 452 2061 conivent
466 2014 496 2062 et
511 2013 613 2078 aperto
627 2003 736 2061 lumine
750 2021 862 2060 rursum

133 2094 233 2150 omnia
247 2093 402 2152 convisunt
416 2095 491 2152 clara
504 2094 571 2151 loca
584 2093 712 2151 candida
724 2093 799 2164 luce,

133 2201 213 2242 nunc
227 2182 319 2241 redeo
334 2184 373 2242 ad
387 2184 489 2242 mundi
503 2185 664 2242 novitatem
678 2192 708 2241 et
722 2184 819 2241 mollia
833 2193 926 2241 terrae
993 2189 1040 2249 780

134 2293 210 2345 arva,
225 2280 309 2347 nove
317 2275 377 2332 fetu
392 2273 464 2349 quid
478 2275 605 2349 primum
620 2273 649 2330 in
663 2273 779 2331 luminis
793 2292 858 2331 oras
1063 2282 1066 2289 ’

134 2364 235 2422 tollere
251 2373 281 2422 et
294 2364 410 2422 incertis
425 2365 531 2421 crerint
545 2364 727 2421 committere
741 2365 845 2421 ventis.

93 2445 96 2451 ’
176 2454 325 2529 Principio
339 2472 431 2530 genus
445 2453 597 2511 herbarum
612 2453 794 2529 viridemque
808 2453 933 2511 nitorem

117 2575 122 2583 ·
135 2554 211 2602 terra
224 2542 308 2602 dedit
322 2544 433 2601 circum
445 2543 525 2600 collis
539 2561 719 2618 camposque
733 2561 786 2619 per
800 2542 905 2614 omnis,

115 2618 239 2693 'flenda
252 2634 392 2692 fulserunt
406 2632 539 2691 viridanti
553 2643 635 2708 prata
649 2634 757 2705 colore,
994 2637 1039 2701 785

136 2724 346 2798 arboribusque
362 2722 490 2784 datumst
503 2724 587 2782 variis
602 2723 707 2781 exinde
722 2742 775 2799 per
789 2741 872 2780 auras

136 2813 290 2872 crescendi
304 2831 442 2889 magnum
456 2813 581 2872 inmissis
596 2824 744 2871 certarnen
758 2812 889 2871 habenis

136 2914 169 2962 ut
182 2905 283 2979 pluma
296 2914 383 2979 atque
397 2903 448 2979 pili
463 2904 588 2979 primum
602 2914 757 2978 saetaeque
773 2912 908 2961 creantur

137 2993 353 3069 quadripedum
366 2994 505 3052 membris
519 3004 549 3052 et
563 3012 684 3068 corpore
699 2993 952 3068 pennipotentum,

138 3085 180 3142 sic
194 3102 271 3142 nova
284 3093 346 3142 tum
359 3085 443 3142 tellus
457 3084 560 3142 herbas
574 3084 753 3158 virgultaque
768 3082 895 3158 primum
995 3103 1043 3154 790

138 3174 260 3245 sustulit,
275 3173 344 3232 inde
359 3174 417 3232 loci
431 3174 563 3231 mortalia
577 3174 673 3231 saecla
687 3172 794 3231 creavit

138 3264 229 3322 multa
242 3263 338 3323 modis
352 3265 448 3323 multis
462 3263 540 3323 varia
552 3264 664 3321 ratione
679 3273 788 3322 coorta.

138 3372 208 3413 nam
222 3372 319 3430 neque
334 3353 372 3412 de
387 3354 469 3412 caelo
484 3353 626 3412 cecidisse
641 3353 773 3411 animalia
788 3361 912 3429 possunt

138 3462 196 3503 nec
210 3445 354 3503 terrestria
368 3443 406 3504 de
421 3444 500 3503 salsis
515 3444 608 3502 exisse
622 3444 742 3502 lacunis.
