2498 3894
180 238 224 302 40
515 235 745 290 rucnurrus
1026 234 1082 305 [11.

179 406 297 472 respuat
310 414 395 454 umor
409 397 523 470 aquae?
543 414 611 453 nam
626 414 685 469 quo
699 395 791 470 magis
805 395 928 452 ursimus
942 394 999 452 alte

180 487 298 545 derecta
312 496 342 544 et
355 504 461 562 magna
475 487 503 544 vi
517 486 599 543 multi
613 486 769 561 pressimus
787 503 882 560 aegre,

179 587 238 635 tam
254 576 360 652 cupide
376 595 488 634 sursum
501 576 624 634 revomit
639 576 729 650 magis
743 585 832 649 atque
846 574 974 646 remittit,

179 669 244 743 plus
257 677 290 724 ut
303 677 384 742 parte
398 666 474 724 foras
489 675 639 741 emergant
653 666 839 740 exiliantque.
1037 686 1084 720 200

180 776 236 815 nec
251 768 350 815 tamen
364 756 447 827 haec,
463 767 603 830 quantum
619 766 662 814 est
676 756 706 813 in
720 773 761 829 se,
777 755 953 826 dubitamus,
969 757 1083 830 opinor,

183 849 254 922 quin
268 866 393 905 vacuum
407 865 460 922 per
474 848 560 904 inane
575 846 712 904 deorsum
727 856 833 903 cuncta
847 847 983 903 ferantur.

180 939 221 996 sic
236 938 321 1012 igitur
335 936 444 995 debent
457 936 591 994 flammae
605 954 726 1012 quoque
740 954 827 1011 posse
841 954 894 1018 per
908 954 990 993 auras

116 1035 122 1047 “
138 1018 146 1033 '
180 1029 253 1086 aeris
268 1012 420 1102 exprdssae
435 1045 548 1084 sursum
562 1025 732 1098 succedere,
748 1044 926 1102 quamquam

180 1117 322 1193 pondera,
328 1127 469 1192 quantum
479 1118 582 1188 insest‚
588 1117 724 1175 deorsum
732 1115 880 1174 deducere
886 1125 1027 1192 pugnent,
1036 1133 1082 1186 205

180 1217 396 1282 nocturnasque
411 1208 489 1265 faces
504 1207 576 1264 caeli
591 1207 712 1265 sublime
727 1207 850 1264 volantis

180 1316 280 1356 nonne
294 1297 376 1355 vides
390 1298 493 1372 longos
507 1297 688 1354 flammarum
703 1295 812 1355 ducere
826 1305 933 1354 tractus

180 1389 211 1447 in
225 1406 424 1463 quascumque
440 1387 522 1445 dedit
535 1389 624 1462 partis
638 1397 740 1443 natura
754 1387 903 1443 meatum?

180 1497 242 1536 non
256 1478 361 1536 cadere
377 1479 526 1535 interram
541 1478 636 1534 stellas
652 1486 681 1534 et
696 1476 791 1534 sidera
805 1476 920 1534 cernis?

181 1568 225 1627 sol
239 1569 326 1626 etiam
341 1568 414 1625 caeli
429 1567 467 1625 de
481 1568 588 1625 vertice
604 1567 724 1641 dissipat
738 1567 833 1624 omnis
1036 1587 1084 1622 210

180 1658 315 1717 ardorem
330 1659 359 1715 in
373 1658 461 1732 partis
476 1667 506 1715 et
519 1658 628 1714 lumine
643 1657 770 1714 conserit
783 1675 869 1728 arva3

180 1749 211 1806 in
225 1758 312 1806 terras
326 1748 410 1823 igitur
424 1766 542 1823 quoque
557 1748 625 1805 solis
639 1747 764 1822 vergitur
778 1746 872 1805 ardor.

180 1849 415 1913 transversosque
429 1839 525 1896 volare
540 1855 592 1912 per
606 1837 705 1895 imbris
720 1837 840 1894 fulmina
854 1839 966 1898 cernis:

181 1947 260 1986 nunc
274 1928 343 1986 hinc
356 1947 435 1985 nunc
450 1928 527 1985 illinc
541 1928 656 2002 abrupti
671 1927 796 1984 nubibus
811 1927 892 2002 ignes

180 2028 375 2091 concursant3
396 2018 475 2076 cadit
489 2019 519 2076 in
534 2028 622 2076 terras
635 2018 678 2075 vis
693 2017 826 2075 flammea
841 2020 937 2094 volgo.
1037 2041 1062 2076 21
1068 2038 1082 2091 5

222 2109 298 2167 Illud
314 2110 343 2166 in
357 2109 401 2167 his
416 2127 534 2183 quoque
549 2118 578 2166 te
592 2109 678 2166 rebus
693 2126 872 2182 cognoscere
887 2129 1014 2181 avemus,

180 2217 305 2274 corpora
318 2218 386 2256 curn
401 2197 538 2257 deorsum
552 2209 665 2256 rectum
679 2216 732 2273 per
745 2198 831 2256 inane
846 2200 983 2271 feruntur,

180 2289 359 2363 ponderibus
372 2290 504 2364 propriis,
520 2307 550 2346 se
566 2290 677 2346 incerto
692 2299 825 2366 tempore
840 2291 930 2348 ferme

143 2394 146 2401 ’
179 2380 354 2455 incertisque
369 2380 427 2437 loci
441 2381 539 2454 spatiis
554 2378 700 2454 depellere
715 2382 844 2456 paulum,

87 2486 91 2493 ’
179 2469 388 2544 tantumquod
403 2488 522 2527 momen
537 2480 680 2528 mutatum
695 2471 793 2528 dicere
807 2470 910 2544 possis,
921 2501 930 2511 -·
1037 2491 1084 2526 220

119 2558 159 2633 ¹22
180 2558 261 2634 quod
275 2560 330 2617 nisi
344 2558 490 2617 declinare
505 2560 639 2632 solerent,
655 2561 754 2618 omnia
767 2559 913 2626 deorsum,

180 2650 278 2708 imbris
292 2650 334 2706 uti
347 2659 455 2724 guttae,
471 2648 610 2707 caderent
624 2668 677 2725 per
691 2650 777 2707 inane
791 2649 980 2724 profundum,

179 2758 236 2797 uec
251 2741 325 2797 soret
339 2740 465 2797 offensus
480 2749 564 2798 natus
578 2758 634 2798 nec
648 2740 734 2815 plaga
747 2750 844 2797 creata

179 2830 346 2904 principiis:
369 2830 407 2886 ita
421 2830 462 2886 nil
475 2848 616 2904 umquam
631 2841 732 2888 natura
746 2838 879 2888 creasset.

221 2919 312 2992 Quod
326 2920 350 2977 si
364 2920 436 2976 forte
452 2921 554 2994 aliquis
566 2921 658 2978 credit
672 2920 802 2995 graviora
816 2930 933 2994 potesse
1036 2940 1081 2992 225

180 3029 311 3085 corpora,
328 3029 387 3085 quo
402 3012 486 3070 citius
499 3023 610 3070 rectum
626 3031 679 3088 per
693 3014 779 3071 inane
794 3013 931 3083 seruntur,

180 3101 309 3159 incidere
324 3119 360 3159 ex
375 3121 481 3177 supero
494 3104 648 3162 levioribus
663 3115 750 3177 atque
765 3103 805 3161 ita
818 3103 916 3177 plagas

180 3193 298 3266 gignere
312 3209 387 3266 quae
401 3195 515 3268 possint
528 3194 659 3268 genitalis
673 3193 796 3252 reddere
812 3203 918 3264 motus

180 3284 257 3340 avius
272 3302 290 3340 a
303 3303 371 3341 vera
384 3284 470 3358 longe
485 3285 596 3342 ratione
610 3283 729 3342 recedit.

180 3391 247 3447 narn
258 3392 311 3448 per
318 3393 408 3448 aquas
418 3392 620 3448 quaecumque
630 3374 739 3432 cadunt
748 3383 835 3448 atque
845 3374 911 3432 abra
920 3391 1024 3443 rarum,
1036 3392 1083 3443 230

181 3463 255 3521 haec
268 3482 323 3539 pro
336 3463 515 3540 ponderibus
530 3483 614 3522 casus
629 3465 753 3522 celerare
768 3475 916 3523 necessest
