2498 3894
190 200 256 271 1v.]
431 200 486 253 DE
513 200 660 254 RERUM
688 200 859 254 NATURA
1031 203 1089 268 117

187 373 284 422 cetera
297 362 336 421 de
345 380 452 438 genere
463 362 521 421 hoc
531 371 662 421 monstra
672 381 707 419 ac
717 371 854 437 portenta
863 362 1030 437 loquontur,
1045 381 1092 435 590

186 473 224 512 ne
238 455 304 513 loca
318 453 434 511 deserta
448 453 486 511 ab
500 453 574 510 divis
589 471 707 527 quoque
722 454 795 510 forte
810 462 948 526 putentur

186 545 248 602 sola
261 554 369 602 tenere.
384 542 454 602 ideo
468 544 576 601 iactant
590 544 728 605 miracula
742 542 828 600 dictis

185 644 235 691 aut
249 634 346 708 aliqua
358 633 469 690 ratione
485 633 545 690 alla
554 633 709 702 ducuntur,
725 643 757 690 ut
771 650 859 690 omne
995 650 1002 669 ί
1023 614 1051 665 ‘4
1060 629 1106 673 '¹¹'
1147 632 1166 669 ·'‘
1176 640 1204 667 ‘f

186 724 347 781 humanum
361 742 453 798 genus
467 733 512 781 est
525 722 642 780 avidum
657 723 743 780 nimis
758 723 959 798 auricularum.
1036 736 1056 783 f:
1079 748 1082 781 ;
1101 710 1141 788 ‘ir
1187 732 1194 777 ,⁴

226 814 316 888 Quod
331 823 473 888 superest,
488 831 548 871 non
563 823 607 871 est
621 812 785 870 mirandum
800 831 859 888 qua
872 815 993 884 ratione,
1044 832 1090 885 595

185 923 238 980 per
251 905 316 962 loca
331 922 406 978 quae
421 914 573 977 nequeunt
587 904 664 961 oculi
677 922 722 960 res
738 921 856 960 cernere
871 914 994 977 apertas,

187 995 260 1052 haec
275 994 341 1052 loc'a
354 999 408 1068 per
420 1011 509 1052 voces
524 994 641 1050 veniant
655 994 789 1067 aurisque
804 993 957 1050 lacessant.

185 1085 376 1159 conloquium
390 1084 495 1142 clausis
509 1084 617 1142 foribus
632 1101 750 1159 quoque
765 1101 853 1157 saepe
867 1083 1012 1155 videmus,

185 1176 321 1232 nimirum
335 1175 404 1249 quia
416 1192 474 1233 vox
488 1192 541 1248 per
556 1174 631 1231 flexa
645 1174 789 1231 foramina
802 1192 899 1231 rerum

185 1264 338 1322 incolumis
352 1264 471 1322 transire
486 1273 592 1339 potest,
607 1250 759 1321 simulfcra
772 1273 926 1336 renutant3
1044 1271 1092 1320 600

185 1353 412 1429 perscinduntur
426 1355 515 1426 enim,
530 1354 585 1412 nisi
599 1364 680 1411 reeta
693 1354 836 1411 foramina
850 1363 973 1426 tranant,

186 1445 282 1519 qualia
295 1455 363 1502 sunt
376 1444 467 1516 vitrei,
483 1445 596 1520 species
611 1463 670 1518 qua
683 1445 805 1501 travolat
820 1444 925 1502 omnis.

185 1545 335 1610 praeterea
348 1535 436 1609 partis
451 1535 481 1592 in
495 1545 615 1592 cunctas
630 1533 767 1591 dividitur
780 1551 846 1605 vox,

186 1643 223 1682 ex
237 1625 297 1682 aliis
312 1625 383 1682 aliae
398 1625 538 1699 quoniam
552 1625 716 1699 gignuntur,
731 1625 781 1682 ubi
796 1642 855 1680 una

186 1714 318 1773 dissuluit
331 1715 422 1772 semel
436 1716 466 1772 in
481 1715 584 1772 multas
599 1725 707 1784 exorta,
723 1715 806 1788 quasi
821 1715 895 1788 ignis
1043 1721 1089 1784 605

186 1824 274 1880 saepe
290 1806 364 1863 solet
378 1805 500 1863 scintilla
513 1824 581 1863 suos
596 1823 627 1862 se
641 1823 776 1879 spargere
791 1805 820 1861 in
835 1805 918 1879 ignis.

187 1914 255 1971 ergo
270 1896 416 1971 replentur
429 1896 495 1953 loca
508 1897 639 1966 vocibus,
654 1894 753 1952 abdita
766 1860 842 1952 retfo

186 1987 285 2044 omnia
298 2004 373 2061 quae
388 1987 498 2043 circum
512 1987 626 2043 fervunt
640 1986 795 2058 sonituque
810 1984 931 2043 cientur.

186 2087 216 2133 at
230 2077 380 2134 simulacra
393 2077 446 2134 viis
460 2077 585 2134 derectis
600 2076 699 2134 omnia
713 2074 839 2132 tendunt

186 2177 219 2223 ut
233 2177 300 2225 sunt
314 2168 403 2224 missa
416 2167 526 2238 semel;
544 2176 723 2241 quapropter
737 2183 856 2222 cernere
871 2184 960 2224 nemo
1040 2173 1088 2221 610

186 2275 306 2332 saepem
321 2258 394 2315 ultra
408 2258 485 2332 potis
500 2267 552 2327 est,
568 2267 598 2314 at
611 2274 699 2314 voces
713 2255 848 2329 accipere
863 2265 950 2314 extra.

186 2357 217 2405 et
225 2357 323 2405 tamen
332 2349 394 2422 ipsa
403 2365 521 2422 quoque
532 2347 614 2416 haec,
627 2346 697 2403 dum
710 2346 809 2403 transit
818 2345 915 2402 clausa
924 2346 1087 2419 domorum,

185 2456 244 2495 vox
257 2438 429 2513 optunditur
442 2448 530 2512 atque
546 2437 621 2494 auris
635 2437 757 2493 confusa
770 2445 905 2509 penetrat

186 2537 217 2586 et
230 2529 356 2586 sonitum
370 2528 467 2602 potius
481 2545 570 2601 quam
584 2527 672 2584 verba
685 2525 784 2583 audire
799 2525 944 2584 videmur.

227 2618 301 2688 Nec,
317 2619 367 2693 qui
381 2618 522 2676 sentimus
536 2636 649 2687 sucum,
665 2617 762 2690 lingua
775 2625 863 2690 atque
878 2617 1007 2690 palatum
1041 2625 1071 2674 61
1075 2636 1089 2690 5

185 2707 350 2783 plusculum
365 2707 475 2766 habent
489 2708 519 2764 in
534 2725 564 2764 se
579 2707 697 2763 rationis
711 2706 776 2780 plus
791 2723 943 2779 operaeve.

185 2798 330 2874 principio
344 2817 447 2856 sucum
463 2798 603 2855 sentimus
618 2797 647 2853 in
662 2814 722 2866 ore,
737 2796 835 2852 cibum
851 2814 920 2852 cum

185 2887 356 2946 mandendo
370 2888 567 2962 exprimimus
582 2905 638 2944 ceu
653 2886 771 2961 plenam
786 2885 940 2960 spongiam
954 2885 1040 2960 aquai

185 2978 275 3052 siquis
289 2979 363 3036 forte
378 2997 464 3035 manu
479 2995 611 3052 premere
626 2995 664 3052 aq
676 2977 785 3034 siccare
800 2977 910 3050 coepit.

185 3068 255 3125 inde
269 3067 351 3142 quod
365 3068 551 3142 exprimimus
565 3086 618 3141 per
632 3067 729 3124 caulas
744 3084 832 3123 omne
848 3066 934 3140 palati
1040 3072 1090 3123 620

186 3157 295 3215 diditur
309 3167 338 3216 et
351 3177 430 3215 rarae
446 3158 584 3233 perplexa
598 3157 739 3214 foramina
753 3157 878 3231 linguae.

185 3247 244 3306 hoc
257 3248 307 3307 ubi
321 3248 395 3306 levia
407 3258 474 3306 sunt
488 3248 632 3305 manantis
647 3264 771 3321 corpora
785 3246 857 3316 suci,

185 3338 310 3396 suaviter
323 3339 467 3413 attingunt
481 3347 511 3394 et
524 3338 649 3395 suaviter
662 3337 761 3394 omnia
774 3345 900 3396 tractant

186 3428 287 3487 umida
299 3429 406 3504 linguai
420 3429 530 3485 circum
544 3426 678 3486 sudantia
690 3427 809 3502 templa
