2498 3894
191 165 242 236 V.]
432 164 487 217 DE
515 163 661 216 RERUM
689 162 860 217 NATURA
1035 167 1091 230 141

190 328 266 386 sicut
279 328 309 385 in
323 326 440 385 aethere
454 344 515 384 non
529 327 623 397 arbor,
638 345 699 385 non
715 344 844 402 aequore
859 327 935 386 salso

189 419 283 476 nubes
297 435 361 475 esse
376 426 488 492 queunt
501 435 598 491 neque
613 417 707 492 pisces
721 418 816 475 vivere
831 418 861 475 in
875 419 948 476 arvis

190 526 247 566 nec
261 525 347 565 cmor
360 507 390 564 in
403 507 487 581 lignis
501 525 598 581 neque
613 507 688 566 saxis
703 526 789 566 sucus
803 508 908 566 inesse.
1048 528 1094 578 130

190 608 302 655 certum
317 616 352 654 ac
367 597 568 672 dispositumst
583 597 632 655 ubi
647 598 778 671 quicquit
792 608 904 656 crescat
919 610 948 655 et
962 598 1039 656 insit.

190 688 231 746 sic
245 688 334 745 animi
347 695 451 745 natura
463 688 566 762 nequit
580 687 642 745 sine
657 705 779 762 corpore
795 688 862 746 oriri

190 778 251 835 sola
264 796 361 851 neque
375 796 393 834 a
406 777 501 835 nervis
515 787 544 834 et
558 777 696 851 sanguine
712 778 835 852 longiter
849 795 922 836 esse.

189 867 271 943 quod
285 868 357 926 si—
366 876 465 942 posset
480 868 559 925 enirn
573 868 664 924 multo
679 868 757 942 prius
768 869 881 942 -ipsa
895 869 984 925 animi
998 868 1040 926 vis

189 958 327 1033 incapite
342 968 392 1016 aut
405 958 512 1015 umeris
526 967 576 1015 aut
590 957 654 1016 imis
669 958 797 1016 calcibus
811 975 876 1015 esse
1048 975 1092 1029 1³5

119 1119 121 1122 ι
188 1059 288 1123 posset
302 1057 332 1106 et
345 1048 457 1106 innasci
472 1048 572 1122 quavis
587 1047 617 1104 in
631 1058 723 1123 parte,
737 1048 844 1105 soleret

188 1137 308 1196 tandem
322 1138 352 1196 in
367 1137 474 1196 eodem
489 1138 607 1195 homine
623 1147 710 1212 atque
726 1139 756 1194 in
767 1137 874 1195 eodem
886 1155 953 1196 vase
965 1154 1092 1211 manere.

189 1218 423 1305 quodquoniam
437 1238 536 1288 nostro
551 1245 669 1303 quoque
685 1237 799 1287 constat
813 1246 935 1302 corpore
951 1237 1063 1285 certum

189 1319 419 1394 dispositumque
433 1317 547 1376 videtur
561 1319 610 1376 ubi
625 1336 688 1375 esse
703 1327 733 1375 et
747 1336 877 1376 crescere
892 1318 984 1393 possit

188 1427 319 1466 seorsum
329 1409 426 1465 anima
434 1418 522 1482 atque
531 1408 653 1478 animus,
661 1416 741 1466 tanto
752 1406 1034 1482 magisinfitiandum
1047 1427 1093 1474 140

189 1508 282 1556 toturn
296 1516 383 1573 posse
397 1507 478 1555 extra
491 1516 596 1572 corpus
611 1498 793 1571 formamque
807 1498 964 1555 animalem

188 1590 319 1664 putribus
332 1588 364 1647 in
377 1588 468 1663 glebis
482 1598 620 1645 tenamm
636 1597 685 1645 aut
700 1587 767 1645 solis
781 1588 811 1645 in
826 1588 887 1663 igni

189 1680 282 1736 autin
297 1697 374 1753 aqua
387 1678 490 1735 durare
505 1687 555 1735 aut
568 1678 631 1735 altis
646 1678 769 1736 aetheris
784 1677 851 1736 oris.

189 1769 267 1827 haud
282 1770 366 1845 igitur
380 1777 515 1826 constant
529 1767 628 1827 divino
642 1767 774 1842 praedita
788 1785 884 1841 sensu,

189 1858 429 1935 quandoquidem
444 1867 595 1932 nequeunt
609 1858 729 1915 vitaliter
743 1876 805 1915 esse
820 1858 955 1916 animata
1048 1873 1092 1928 145

229 1949 306 2008 Illud
320 1950 390 2006 item
404 1966 464 2005 non
479 1957 523 2006 est
537 1957 568 2005 ut
577 1947 677 2022 'possis
692 1947 821 2019 credere,
837 1947 923 2006 sedes

189 2057 252 2097 esse
266 2039 356 2098 deum
370 2049 484 2098 sanctas
498 2039 528 2096 in
543 2037 644 2095 mundi
659 2038 787 2112 partibus
801 2038 873 2095 ullis.

188 2129 281 2187 tenvis
295 2130 374 2187 enim
388 2139 491 2187 natura
504 2129 594 2185 deum
608 2129 753 2202 longeque
768 2137 882 2184 remota

189 2219 320 2278 sensibus
334 2220 372 2278 ab
386 2219 490 2278 nostris
504 2218 592 2276 animi
606 2218 654 2275 vix
668 2227 766 2274 mente
780 2216 913 2288 videtur;

189 2327 263 2384 quae
278 2310 417 2384 quoniam
431 2327 571 2367 manuum
586 2318 696 2365 tactum
711 2306 826 2381 suffugit
840 2316 870 2364 et
884 2307 984 2378 ictum,
1047 2324 1094 2375 150

164 2443 167 2450 ,
188 2400 284 2458 tactile
298 2399 340 2457 nil
353 2400 438 2457 nobis
452 2398 534 2473 quod
549 2399 584 2456 sit
599 2398 767 2472 contingere
782 2396 880 2454 debet.

162 2499 306 2569 pungere
321 2489 400 2547 enim
413 2507 474 2547 non
489 2490 552 2562 quit
566 2487 648 2562 quod
661 2487 741 2561 tangi
754 2505 815 2544 non
830 2486 899 2543 licet
913 2486 1018 2560 ipsum.

189 2598 278 2655 quare
292 2581 380 2638 etiam
395 2578 480 2638 sedes
494 2596 612 2653 quoque
628 2577 731 2635 nostris
746 2576 864 2634 sedibus
879 2594 943 2634 esse

189 2670 342 2729 dissimiles
356 2669 475 2737 debent,
489 2678 592 2726 tenues
607 2667 645 2725 de
660 2685 784 2741 corpore
799 2683 920 2739 eorum3
958 2708 961 2713 -

189 2778 264 2836 quae
278 2760 330 2819 tibi
344 2760 486 2836 posterius
500 2759 579 2834 largo
594 2775 728 2816 sermone
742 2757 883 2839 probabo.
1048 2773 1092 2827 155

190 2850 287 2909 dicere
302 2868 388 2926 porro
403 2848 556 2907 hominurn
571 2867 658 2906 causa
672 2847 797 2905 voluisse
811 2864 913 2921 parare

190 2943 367 3016 praeclaram
382 2938 484 2998 mundi
499 2949 631 2996 naturam
645 2947 859 3011 proptereaque

190 3031 370 3090 adlaudabile
385 3049 461 3106 opus
474 3030 575 3087 divom
588 3027 706 3085 laudare
721 3025 828 3084 decere

190 3132 397 3196 aeternumque
412 3130 513 3195 putare
528 3129 615 3192 atque
631 3117 784 3176 inmortale
798 3116 926 3175 futurum
942 3162 950 3179 .

189 3212 303 3270 nectas
318 3229 391 3282 esse,
406 3210 496 3269 deum
511 3209 592 3284 quod
607 3209 643 3267 sit
656 3208 768 3266 ratione
783 3217 897 3264 vetusta
1048 3209 1093 3262 160

190 3302 324 3378 gentibus
339 3301 472 3360 humanis
486 3299 638 3359 fundatum
654 3307 797 3373 perpetuo
812 3315 893 3370 aevo,

191 3392 343 3451 sollicitare
357 3393 415 3451 suis
430 3392 487 3450 ulla
499 3392 528 3449 vi
541 3408 579 3449 ex
593 3389 711 3448 sedibus
726 3406 867 3463 umquam
