2498 3894
158 199 214 271 11.]
395 203 450 255 ua
476 203 623 256 RERUM
650 172 823 256 NATURA
1019 203 1060 270 59

155 369 271 434 cetera3
293 379 368 435 quae
384 379 451 418 curn
466 362 506 418 ita
518 372 586 420 sunt
599 371 698 420 tamen
712 370 744 419 ut
758 362 890 420 mortalia
903 372 1053 434 constent·

104 467 107 472 ·
155 451 235 508 molli
248 452 335 521 lenta,
351 452 463 526 fragosa
476 453 560 526 putri,
576 471 648 510 cava
662 471 785 527 corpore
799 471 874 525 raro,
1010 461 1059 512 860

156 542 256 599 omnia
269 542 325 598 sint
339 561 357 599 a
370 543 519 616 principiis
534 544 666 600 seiuncta
679 553 838 615 necessest,

156 632 319 690 inmortalia
333 632 356 689 si
370 633 503 689 volumus
517 633 691 707 subiungere
705 633 793 691 rebus

156 721 345 779 fundamenta
359 722 463 796 quibus
478 723 584 779 nitatur
598 741 713 779 summa
727 725 843 798 salutis3

154 830 193 871 ne
208 812 259 869 tibi
273 830 319 869 res
333 811 453 869 redeant
467 812 505 869 ad
520 813 611 870 nilum
626 812 754 872 funditus
769 833 881 873 omnes.

196 903 286 960 Nunc
301 920 425 977 eaquae
440 903 545 960 sentire
557 903 690 961 videmus
705 922 832 980 cumque
847 915 997 964 necessest
1010 912 1057 978 863
1136 924 1151 957 ,²

156 1010 193 1049 ex
206 993 388 1051 insensilibus
403 1002 502 1050 tamen
516 994 616 1052 omnia
631 995 787 1052 confiteare

155 1083 304 1157 principiis
318 1093 460 1141 constare.
482 1102 578 1158 neque
593 1084 624 1142 id
638 1086 801 1142 manufesta
814 1085 940 1142 refutant

155 1191 211 1230 nec
226 1182 328 1230 contra
342 1184 481 1248 pugnant,
497 1175 527 1232 in
542 1186 680 1249 promptu
696 1175 813 1249 cognita
826 1193 901 1249 quae
916 1184 991 1249 sunt,

155 1262 209 1320 sed
223 1264 314 1338 magis
329 1264 393 1338 ipsa
406 1283 495 1322 manu
511 1264 623 1322 ducunt
638 1275 667 1322 et
681 1265 800 1322 credere
816 1275 926 1340 cogunt

156 1370 193 1410 ex
203 1353 394 1425 insensilibus
410 1353 491 1429 quod
506 1354 584 1426 dico,
600 1355 734 1412 animalia
747 1355 834 1430 gigni.
1010 1363 1060 1423 870

155 1444 265 1519 quippe
279 1444 378 1502 videre
393 1446 461 1503 licet
474 1445 555 1502 vivos
569 1445 691 1503 existere
706 1463 819 1503 vermes

156 1544 282 1594 stercore
297 1534 336 1592 de
350 1545 451 1604 taetro,
466 1545 602 1610 putorem
618 1554 684 1592 curn
701 1536 754 1593 sibi
768 1545 855 1593 nacta
868 1545 913 1594 est

155 1625 365 1701 intempestivis
380 1644 417 1683 ex
431 1626 570 1684 imbribus
585 1625 686 1683 umida
699 1626 803 1699 tellus;

155 1727 306 1793 praeterea
319 1725 438 1773 cunctas
452 1715 554 1773 itidem
568 1733 614 1773 res
628 1726 739 1773 vertere
754 1733 828 1774 sese.

155 1816 270 1866 vertunt
283 1824 314 1864 se
329 1807 407 1863 fluvii
421 1805 538 1864 srondes
554 1816 583 1863 et
597 1806 703 1881 pabula
716 1806 792 1863 laeta
1012 1815 1058 1878 875

81 1940 82 1943 η
156 1898 187 1956 in
200 1896 341 1974 pecudes,
355 1905 471 1954 vertunt
484 1896 616 1971 pecudes
630 1897 660 1953 in
675 1914 798 1971 corpora
811 1905 910 1954 nostra

155 1998 296 2060 naturam,
312 1997 342 2045 et
355 1997 455 2046 nostro
470 1987 508 2044 de
523 2005 646 2061 corpore
662 2004 750 2061 saepe
765 1988 889 2044 ferarum

103 2091 106 2099 ’
156 2087 316 2154 augescunt
329 2078 404 2136 vires
418 2087 448 2136 et
462 2096 586 2153 corpora
599 2077 854 2152 pennipotentum.

157 2187 225 2244 ergo
239 2187 343 2227 omnes
357 2179 460 2227 natura
473 2169 556 2227 cibos
570 2168 601 2225 in
615 2185 740 2242 corpora
752 2168 817 2224 viva

155 2260 239 2317 vertit
252 2268 282 2316 et
296 2259 365 2317 hinc
378 2277 480 2317 sensus
494 2259 676 2315 animantum
689 2265 824 2333 procreat
838 2274 951 2328 omnes,
1012 2265 1062 2314 880

155 2367 216 2407 non
230 2349 286 2406 alia
298 2349 386 2424 longe
399 2349 511 2407 ratione
526 2348 623 2423 adque
638 2346 719 2405 an'da
732 2347 810 2422 ligna

156 2440 282 2514 explicat
295 2439 326 2497 in
339 2439 471 2497 flammas
486 2448 516 2496 et
530 2438 561 2496 in
574 2438 648 2512 ignis
663 2438 764 2496 omnia
776 2446 879 2495 versat.

156 2529 253 2588 iamne
266 2528 349 2587 vides
362 2529 447 2604 igitur
460 2528 558 2604 magni
571 2528 731 2603 primordia
744 2546 840 2585 rerum

155 2619 261 2678 referre
274 2619 306 2677 in
320 2619 398 2693 quali
412 2619 469 2677 sint
482 2619 585 2676 ordine
600 2636 735 2693 quaeque
749 2618 845 2674 locata

156 2717 187 2768 et
199 2709 359 2767 commixta
372 2708 477 2784 quibus
491 2708 563 2767 dent
576 2718 674 2767 motus
688 2707 915 2783 accipiantque?
1013 2714 1060 2777 885

195 2800 272 2857 Tum
285 2817 375 2876 porro
388 2798 461 2874 quid
474 2797 505 2857 id
520 2809 573 2871 est,
584 2800 715 2856 animum
723 2797 806 2872 quod
819 2796 954 2872 percutit,
966 2796 1062 2871 ipsum
1106 2860 1115 2877 .
1133 2822 1142 2831 r

156 2887 239 2965 quod
251 2897 352 2948 movet
365 2897 397 2948 et
408 2889 504 2947 varios
518 2907 620 2947 sensus
634 2905 808 2963 expromere
824 2887 912 2962 cogit,
1121 2886 1125 2895 “

156 2996 195 3037 ex
206 2979 390 3038 insensilibus
403 2996 442 3037 ne
457 2978 559 3036 credas
575 2979 680 3036 sensile
693 2979 794 3053 gigni?

155 3069 293 3128 nimirum
306 3068 419 3144 lapides
433 3078 462 3127 et
476 3069 554 3144 ligna
567 3078 597 3127 et
610 3078 686 3126 terra
699 3066 782 3144 quod
794 3086 854 3126 una

156 3157 247 3218 mixta
258 3168 360 3218 tamen
370 3168 523 3235 nequeunt
535 3159 652 3217 vitalem
665 3157 791 3217 reddere
805 3176 932 3216 sensum.
1013 3164 1061 3228 890

154 3247 248 3307 illud
240 3267 272 3309 rn
284 3248 351 3308 his
342 3249 428 3326 igitur
439 3251 526 3308 rebus
540 3251 707 3308 meminisse
722 3248 850 3319 decebit,

156 3356 218 3398 non
231 3357 270 3398 ex
281 3339 418 3400 omnibus
431 3341 562 3412 omnino,
577 3357 783 3414 quaecumque
798 3347 898 3396 creant
911 3354 966 3410 res,

108 3412 261 3559 [sensile
274 3438 306 3489 et
318 3430 466 3506 extemplo
479 3449 527 3489 me
542 3430 623 3506 gigni
614 3429 735 3536 'dicere
749 3447 859 3501 sensus,
959 3326 1229 3543 Πζῦ
1124 3422 1229 3490 darual
