2498 3894
120 203 172 274 V.]
345 202 399 254 DE
426 202 574 254 RERUM
602 199 774 254 NATURA
969 186 1029 266 167

119 360 240 418 alituum
254 378 342 436 porro
356 378 448 435 genus
463 360 514 418 alis
529 378 617 417 omne
633 361 765 418 videmus

119 451 209 509 fidere
225 462 254 508 et
268 471 285 508 a
298 451 394 526 pinnis
409 451 564 508 tremulum
579 466 677 525 petere
693 451 871 508 auxiliatum.
966 471 1029 518 1040

118 540 242 616 proinde
258 554 359 615 putare
374 541 501 614 aliquem
515 551 576 598 turn
592 541 711 598 nomina
725 540 904 599 distribuisse

118 632 204 689 rebus
219 641 248 708 et
262 630 332 688 inde
348 631 481 688 homines
496 630 632 688 didicisse
646 632 791 688 vocabula
805 632 907 706 prima,

119 721 290 797 desiperest.
306 740 374 777 nam
389 740 441 778 cur
455 721 502 777 hic
517 731 616 795 posset
631 731 739 777 cuncta
752 731 853 778 notare

119 812 240 869 vocibus
256 821 285 868 et
298 811 392 869 varios
407 812 518 868 sonitus
533 811 665 867 emittere
679 810 804 885 linguae,

119 910 253 976 tempore
268 901 376 959 eodeni
391 901 437 957 alii
453 902 548 958 facere
560 899 590 957 id
604 918 665 957 non
677 902 773 974 quisse
788 903 947 977 putentur?
964 919 1023 971 1045

119 1001 271 1066 praeterea
284 993 308 1050 si
322 1009 382 1049 non
397 991 443 1048 alii
458 1009 577 1064 quoque
592 991 713 1049 vocibus
728 992 772 1050 usi

120 1083 195 1140 inter
209 1100 240 1140 se
255 1083 376 1152 fuerant,
391 1080 471 1138 unde
488 1081 573 1138 insita
587 1082 704 1139 notities
719 1091 763 1140 est

119 1173 247 1230 utilitatis
264 1182 294 1230 et
307 1171 388 1229 unde
402 1171 471 1228 data
485 1181 529 1228 est
543 1171 610 1228 huic
625 1172 718 1245 prima
731 1183 871 1247 potestaS,

119 1265 191 1340 quid
204 1265 291 1323 vellet
305 1264 399 1322 facere
414 1273 447 1321 ut
462 1264 547 1321 sciret
560 1265 718 1339 animoque
733 1255 866 1322 videret?

119 1373 224 1431 cogere
240 1356 309 1412 item
324 1355 412 1430 pluris
426 1373 501 1412 unus
515 1355 665 1430 victosque
681 1354 801 1413 domare
963 1372 1026 1424 1050

118 1464 179 1504 non
193 1456 316 1521 poterat,
330 1464 424 1502 rerum
440 1455 472 1502 ut
485 1444 651 1520 perdiscere
666 1446 787 1503 nomina
800 1444 916 1503 vellent.

118 1555 175 1593 nec
188 1537 299 1593 ratione
315 1535 422 1594 docere
437 1536 494 1593 ulla
508 1535 689 1611 suadereque
704 1535 807 1606 surdiS,

119 1625 190 1701 quid
204 1627 240 1685 sit
254 1645 328 1701 opus
342 1626 428 1697 facto,
444 1626 573 1697 facilest,
595 1623 692 1705 neque
708 1626 786 1683 enim
801 1634 970 1700 paterentur

118 1735 175 1775 nec
189 1718 300 1775 ratione
314 1711 375 1774 ulla'
385 1717 439 1774 sibi
453 1717 558 1787 ferrent
573 1716 696 1790 amplius
710 1716 786 1773 auris

118 1808 199 1866 vocis
214 1807 360 1865 inauditos
375 1807 486 1877 sonitus
501 1795 663 1878 obtundere
678 1807 789 1864 frustra.
962 1820 1024 1874 ¹055

119 1908 269 1973 postremo
283 1897 355 1972 quid
369 1897 398 1954 in
413 1897 468 1953 hac
483 1897 612 1953 mirabile
627 1905 807 1970 tantoperest
820 1913 863 1967 re,

119 1989 143 2046 si
156 2006 248 2063 genus
262 1988 431 2058 humanum,
447 1987 494 2044 cui
508 2006 565 2044 vox
579 1996 609 2043 et
622 1987 720 2060 lingua
733 1987 852 2060 vigeret,

119 2097 173 2153 pro
187 2079 266 2135 vario
281 2096 367 2135 sensu
381 2077 459 2134 varia
472 2095 516 2134 res
530 2094 604 2134 voce
618 2077 753 2133 notaret?

120 2188 187 2226 cum
201 2167 332 2243 pecudes
347 2178 452 2238 mutae,
469 2186 537 2224 cum
552 2166 680 2240 denique
696 2167 795 2224 saecla
807 2166 932 2223 serarum

120 2259 265 2317 dissimilis
280 2259 391 2316 soleant
406 2276 495 2315 voces
509 2258 658 2330 variasque
673 2257 759 2327 ciere,
963 2259 1026 2310 1060

120 2368 189 2408 curn
204 2359 298 2406 metus
313 2358 362 2405 aut
376 2348 461 2405 dolor
475 2357 519 2405 est
533 2358 562 2405 et
577 2366 644 2404 cum
658 2348 717 2404 iam
731 2345 836 2421 gaudia
850 2345 985 2420 gliscunt.

120 2440 230 2515 quippe
245 2440 353 2497 etenim
368 2439 435 2496 licet
448 2437 480 2495 id
494 2439 579 2496 rebus
597 2455 774 2512 cognoscere
789 2437 906 2511 apertis.

121 2531 235 2588 inritata
250 2548 355 2587 canum
370 2548 438 2587 cum
453 2528 578 2603 primurn
594 2546 700 2606 magna
715 2527 879 2584 Molossum

121 2621 218 2678 mollia
231 2621 304 2680 ricta
317 2621 443 2676 fremunt
458 2618 545 2675 duros
560 2616 701 2675 nudantia
715 2616 830 2687 denteS,

120 2711 208 2786 longe
223 2711 279 2768 alio
294 2710 390 2767 sonitu
404 2709 483 2766 rabie
498 2707 628 2765 restricta
642 2708 797 2778 minantur,
964 2712 1025 2775 1065

122 2811 152 2858 et
166 2819 235 2859 cum
249 2801 307 2857 iam
322 2800 424 2856 latrant
439 2808 468 2856 et
483 2798 603 2855 vocibus
618 2797 718 2854 omnia
731 2797 890 2871 complent.
929 2832 945 2855 »-

122 2900 152 2949 et
166 2890 275 2948 catulos
289 2889 396 2947 blande
412 2907 480 2946 cum
494 2888 591 2961 lingua
605 2882 733 2945 lambere
748 2896 893 2961 temptant

122 2991 172 3039 aut
184 2980 234 3038 ubi
249 2998 300 3038 eos
315 2980 422 3036 iactant
437 2978 561 3052 pedibus
577 2994 733 3051 morsuque
747 2986 884 3051 petentes

122 3070 268 3146 suspensis
283 3079 398 3127 teneros
413 3069 559 3126 imitantur
573 3066 709 3124 dentibus
723 3066 852 3137 haustus

121 3161 209 3236 longe
223 3161 281 3218 alio
295 3169 382 3234 pacto
397 3159 517 3233 gannitu
531 3158 611 3214 vocis
626 3157 753 3226 adulant,
966 3175 1028 3221 1070

122 3261 234 3309 etcum
249 3250 355 3307 deserti
369 3249 531 3307 baubantur
546 3248 574 3305 in
590 3246 712 3305 aedibus
725 3255 775 3303 aut
789 3263 857 3303 cum

121 3340 261 3418 plorantis
276 3340 387 3415 fugiunt
402 3338 556 3396 summisso
571 3355 693 3411 corpore
707 3336 816 3412 plagas.

123 3430 252 3506 denique
266 3447 328 3488 non
342 3429 471 3487 hinnitus
485 3428 554 3486 item
570 3425 683 3485 differre
698 3425 822 3498 videtur,
