2498 3894
172 209 245 280 ΙΙΙ.]
413 211 467 263 DE
492 211 639 265 RERUM
665 211 837 266 NATURA
1033 199 1072 276 85

170 372 265 431 omnis
279 381 308 430 et
321 371 395 428 haec
409 371 473 446 ipso
488 389 556 429 cum
571 389 692 446 corpore
707 372 924 445 conlabefiunt3
1027 379 1074 443 585

170 471 202 520 ut
214 463 328 537 gravior
340 462 428 537 paulo
442 463 533 536 possit
547 461 702 519 dissolvere
718 481 814 519 causa.

170 552 242 626 quid
256 551 371 610 dubitas
385 551 504 609 tandem
519 553 590 627 quin
605 562 684 610 extra
698 552 813 626 prodita
827 570 934 626 corpus

169 642 306 701 inbecilla
319 643 395 700 foras
409 642 439 698 in
453 652 563 717 aperto,
578 644 706 717 tegmine
722 642 854 717 dempto,

169 751 231 791 non
244 731 336 791 modo
351 751 411 790 non
426 751 544 790 omnem
559 734 650 806 possit
664 732 767 790 durare
782 752 834 807 per
849 751 961 802 aevom,

170 822 224 882 sed
238 823 391 880 minimum
405 822 528 896 quodvis
544 833 670 898 nequeat
685 824 842 881 consistere
858 825 994 897 tempus?
1028 843 1076 895 590

171 932 259 988 quare
274 914 361 971 etiam
376 924 464 987 atque
479 914 566 970 etiam
581 914 707 971 resoluto
723 914 852 988 corporis
867 914 948 971 omni

171 1004 298 1078 tegmine
313 1012 343 1061 et
357 1003 457 1060 eiectis
471 1013 551 1060 extra
565 1004 698 1061 vitalibus
712 1005 788 1061 auris

173 1094 293 1153 dissolui
307 1113 408 1152 sensus
422 1095 511 1152 animi
526 1097 632 1152 fateare
646 1104 795 1153 necessest

171 1195 258 1260 atque
273 1185 410 1256 animam,
425 1185 564 1259 quoniam
579 1186 763 1243 coniunctast
778 1203 866 1243 causa
880 1184 1005 1244 duobus.

211 1276 348 1349 Denique
362 1294 430 1333 cum
445 1294 551 1349 corpus
566 1286 693 1349 nequeat
707 1277 833 1350 perferre
847 1277 954 1333 animai
1026 1296 1071 1348 595

171 1365 327 1424 discidium
341 1366 412 1439 quin
426 1365 456 1422 in
470 1375 562 1423 taetro
577 1366 706 1423 tabescat
721 1365 823 1436 odore,

171 1455 243 1530 quid
257 1455 371 1513 dubitas
387 1456 457 1530 quin
472 1473 508 1512 ex
523 1456 582 1512 imo
597 1456 771 1530 penitusque
787 1464 888 1513 coorta

172 1546 312 1605 emanarit
326 1546 367 1602 uti
381 1546 476 1602 fumus
492 1545 595 1602 diffusa
609 1546 723 1602 animae
738 1546 790 1616 viS,

170 1645 259 1710 atque
274 1635 342 1693 ideo
356 1644 436 1692 tanta
450 1645 593 1692 mutatum
607 1645 690 1710 putre
705 1636 788 1693 ruina

171 1725 333 1784 conciderit
347 1743 461 1800 corpus,
476 1726 591 1800 penitus
606 1726 674 1799 quia
688 1736 769 1783 mota
782 1726 850 1783 loco
865 1738 932 1784 sunt
1028 1735 1077 1783 600

170 1815 369 1887 fundamenta,
384 1816 460 1873 foras
475 1816 571 1872 anima
585 1825 739 1873 emanante
754 1833 806 1890 per
820 1826 898 1874 artus

170 1923 281 1981 perque
295 1907 406 1963 viarum
420 1906 515 1962 omnis
530 1905 630 1977 flexus,
645 1906 675 1962 in
690 1923 813 1979 corpore
829 1907 879 1981 qui
894 1918 970 1979 sunt,

171 2006 258 2072 atque
272 1997 434 2054 foramina?
454 1995 634 2053 multimodis
650 2006 681 2053 ut
695 2014 818 2054 noscere
834 1998 929 2071 possis

171 2066 350 2161 dispertitlin
364 2087 478 2143 animae
492 2096 625 2143 naturam
641 2087 733 2144 exisse
747 2104 801 2161 per
815 2097 894 2145 artus

171 2187 201 2234 et
214 2176 292 2251 prius
307 2195 370 2234 esse
385 2176 440 2234 sibi
454 2175 621 2234 distractam
636 2195 759 2251 corpore
774 2177 804 2233 in
819 2177 893 2252 ipso,
1027 2185 1074 2249 ⁶05

170 2284 260 2341 quam
273 2266 409 2341 prolapsa
422 2267 497 2324 foras
512 2276 612 2324 enaret
627 2267 657 2324 in
671 2267 745 2325 aeris
758 2285 851 2326 auras.

170 2374 227 2414 nec
241 2357 296 2415 sibi
309 2357 388 2414 enim
403 2357 557 2431 quisquam
573 2357 699 2433 moriens
714 2358 820 2415 sentire
834 2356 950 2415 videtur

170 2447 212 2505 ire
226 2447 301 2505 foras
315 2447 443 2504 animam
458 2438 635 2504 incolumem
650 2446 688 2505 de
703 2466 828 2522 corpore
843 2458 906 2506 toto
1028 2463 1103 2507 e·
1159 2478 1164 2489 ·

170 2555 227 2597 nec
240 2537 319 2612 prius
333 2536 372 2594 ad
387 2537 515 2612 iugulum
531 2546 560 2595 et
574 2555 678 2612 supera
692 2537 851 2595 succedere
866 2539 974 2611 fauces,

170 2646 270 2686 verum
285 2627 411 2687 deficere
425 2628 456 2685 in
470 2636 550 2685 certa
562 2629 681 2703 regione
697 2629 842 2701 locatam;
1027 2637 1076 2686 610

145 2768 149 2775 .
170 2727 203 2776 ut
216 2712 317 2776 sensus
330 2700 401 2777 allbs
415 2718 532 2793 inparti
546 2734 694 2793 quemque
708 2737 760 2776 sua
774 2718 827 2776 scit

171 2807 300 2868 dissolui.
314 2808 396 2883 quod
410 2809 434 2866 si
448 2809 606 2867 inmortalis
620 2819 719 2866 nostra
733 2809 806 2867 foret
821 2826 913 2880 mem,

148 2892 152 2899 ’
170 2916 231 2958 non
245 2908 305 2956 tam
319 2917 350 2956 se
364 2899 491 2957 moriens
505 2898 624 2957 dissolvi
638 2910 874 2973 conquereretur,

171 2987 225 3046 sed
238 2989 329 3064 magis
343 2989 383 3046 ire
397 2989 473 3048 foras
487 2999 657 3063 vestemque
673 2989 846 3062 relinquere,
863 2998 895 3045 ut
909 2991 1019 3064 anguis.

211 3079 348 3154 Denique
363 3097 414 3136 cur
427 3078 515 3137 animi
530 3097 690 3154 numquam
702 3096 784 3136 mens
797 3079 1009 3154 consiliumque
1025 3088 1072 3151 615

170 3167 295 3245 gignitur
308 3169 338 3227 in
352 3169 447 3244 capite
461 3179 511 3228 aut
524 3168 649 3244 pedibus
664 3170 843 3251 manibusve,
860 3169 914 3228 sed
929 3170 993 3229 unis
1135 3160 1140 3167 ’

95 3323 98 3329 ,
171 3257 290 3317 sedibus
304 3268 334 3317 et
347 3260 432 3319 certis
445 3260 611 3335 regionibus
628 3248 763 3319 om'nibus
778 3260 888 3332 haeret,

171 3349 270 3409 sinon
283 3359 363 3409 certa
375 3350 442 3409 loca
454 3349 493 3409 ad
506 3350 688 3408 nascendum
701 3349 817 3409 reddita
830 3351 938 3426 cuique

171 3449 248 3515 sunt,
263 3449 293 3500 et
305 3440 356 3500 ubi
369 3440 511 3519 quicquid
525 3441 617 3516 possit
631 3440 734 3500 durare
749 3451 889 3516 creatum,

413 3527 434 3563 p
