2498 3894
120 192 188 264 lit]
363 195 418 248 DE
444 196 588 249 RERUM
616 196 788 252 NATURA
966 196 1022 263 125

119 373 201 414 urere
216 373 254 413 ne
269 356 360 431 possit
374 356 453 414 calor
466 357 590 432 amplius
603 357 701 416 aridus
715 369 801 416 artus.

118 446 259 522 sicigitur
274 448 324 505 tibi
340 447 445 505 anhela
458 448 518 506 sitis
534 449 572 506 de
588 467 709 524 corpore
725 460 825 508 nostro
976 456 1024 522 875

118 538 252 610 abluitur,
267 538 309 595 sic
325 538 456 614 expletur
470 538 566 596 ieiuna
581 539 713 615 cupido]

160 629 248 686 Nunc
263 629 312 702 qui
326 629 377 685 fiat
390 628 431 685 uti
446 646 547 703 passus
561 630 689 704 proferre
704 648 855 704 queamus,

119 736 187 775 cum
200 718 343 789 volumus,
356 719 492 793 varieque
507 718 607 777 datum
621 720 657 777 sit
671 721 803 778 membra
817 739 944 792 movere,

120 818 150 866 et
163 826 238 883 quae
252 827 298 866 res
312 818 425 866 tantum
439 809 496 866 hoc
511 810 607 867 oneris
621 810 792 884 protrudere
806 811 897 868 nostri

120 898 249 976 corporis
263 899 390 968 insuerit,
406 899 521 957 dicam:
544 908 576 957 tu
590 901 708 974 percipe
723 900 811 959 dicta.
974 908 1024 960 880

120 988 188 1046 dico
202 990 300 1047 animo
314 999 413 1047 nostro
427 990 553 1064 primum
567 991 720 1047 simulacra
733 990 852 1048 meandi

120 1078 253 1136 accidere
268 1088 356 1153 atque
370 1080 500 1137 animum
513 1081 636 1154 pulsare,
651 1090 683 1137 ut
697 1080 822 1138 diximus
836 1092 913 1139 ante.

120 1168 188 1226 inde
202 1169 335 1227 voluntas
348 1170 399 1242 fit;
420 1188 517 1245 neque
532 1171 610 1227 enim
626 1171 720 1227 facere
735 1171 836 1245 incipit
850 1172 937 1229 ullam

120 1279 182 1319 rem
196 1261 359 1336 quisquam,
374 1278 462 1335 quam
477 1279 559 1318 mens
574 1260 700 1335 providit
713 1261 784 1335 quid
799 1262 867 1319 velit
881 1273 958 1321 ante.

121 1350 152 1409 id
165 1351 247 1426 quod
261 1351 404 1426 providet,
419 1351 492 1409 illius
506 1352 547 1408 rei
562 1361 676 1409 constat
690 1352 795 1426 imago
978 1359 1025 1424 885

121 1459 190 1517 ergo
204 1442 317 1499 animus
332 1460 400 1498 cum
415 1459 478 1499 sese
494 1442 533 1499 ita
547 1451 714 1499 commovet
728 1450 760 1499 ut
774 1441 842 1499 velit
856 1442 897 1499 ire

121 1532 209 1606 inque
224 1532 315 1607 gredi,
331 1532 399 1589 serit·
409 1532 556 1606 extemplo
571 1551 645 1606 quae
661 1532 691 1589 in
706 1550 829 1607 corpore
844 1542 907 1590 toto

121 1639 174 1698 per
186 1623 317 1680 membra
331 1632 418 1696 atque
432 1633 510 1680 artus
523 1622 628 1679 animai
644 1623 743 1680 dissita
755 1623 797 1680 vis
813 1632 865 1681 est.

121 1722 151 1770 et
165 1713 274 1770 facilest
288 1713 375 1784 sactu,
390 1712 529 1787 quoniam
544 1713 701 1770 coniuncta
715 1723 837 1772 tenetur.

121 1802 189 1860 inde
204 1821 240 1861 ea
253 1820 393 1878 proporro
408 1821 515 1877 corpus
529 1802 601 1874 ferit,
618 1813 706 1876 atque
721 1804 761 1861 ita
774 1814 837 1862 tota
976 1811 1026 1875 890

121 1893 259 1968 paulatim
273 1894 365 1951 moles
379 1892 556 1968 protruditur
570 1903 657 1968 atque
673 1904 814 1952 movetur.

121 1993 270 2058 praeterea
284 1994 344 2041 tum
358 1984 475 2042 rarescit
489 2002 607 2059 quoque
622 2002 728 2058 corpus
743 1993 772 2041 et
785 1988 843 2057 aer,

122 2074 232 2132 scilicet
245 2084 277 2132 ut
291 2075 381 2132 debet
395 2075 445 2148 qui
459 2092 576 2148 semper
589 2074 704 2132 mobilis
719 2083 806 2147 extat,

122 2180 174 2239 per
187 2165 332 2240 patefacta
344 2166 424 2222 venit
438 2174 628 2239 penetratque
644 2165 784 2223 foramina
798 2163 892 2240 largus

122 2263 152 2312 et
165 2255 336 2330 dispargitur
350 2255 388 2312 ad
402 2256 490 2330 partis
504 2255 544 2312 ita
558 2273 688 2329 quasque
703 2256 826 2313 minutas
978 2260 1024 2327 895

122 2346 260 2420 corporis.
275 2345 322 2402 hic
337 2347 422 2421 igitur
435 2347 520 2404 rebus
536 2347 568 2403 fit
582 2346 726 2419 utrimque
741 2344 864 2420 duabus,

122 2436 251 2510 corporis
265 2445 297 2494 ut
310 2454 345 2493 ac
360 2437 439 2494 navis
452 2436 522 2493 velis
536 2447 682 2509 ventoque
697 2436 811 2493 feratur.

122 2545 178 2586 nec
191 2539 290 2586 tamen
303 2528 374 2585 illud
388 2529 418 2586 in
433 2529 477 2586 his
491 2529 576 2586 rebus
590 2528 718 2586 mirabile
733 2536 856 2598 constat,

121 2619 231 2676 tantula
248 2617 329 2694 quod
343 2628 455 2677 tantum
470 2637 575 2694 corpus
591 2618 762 2691 corpuscula
774 2625 896 2691 possunt

122 2719 314 2784 contorquere
330 2719 359 2766 et
373 2728 447 2767 onus
461 2719 554 2766 totum
570 2717 736 2767 convertere
751 2717 891 2764 nostrum.
972 2726 1022 2780 902

121 2799 230 2874 quippe
245 2800 353 2858 etenim
367 2810 470 2857 ventus
484 2799 580 2873 suptili
595 2815 715 2872 corpore
730 2797 823 2855 tenvis

120 2890 210 2947 trudit
223 2907 312 2965 agens
326 2909 462 2964 magnam
477 2907 584 2964 magno
598 2887 746 2946 molimine
760 2903 866 2944 navem

121 2988 151 3036 et
165 2998 267 3038 manus
281 2999 340 3037 una
353 2980 425 3055 regit
439 2979 591 3054 quantovis
607 2978 715 3053 impete
730 2986 850 3035 euntem

120 3079 208 3144 atque
222 3070 430 3145 gubernaclum
444 3078 617 3143 contorquet
630 3067 761 3142 quolibet
775 3084 875 3138 unum,

120 3160 268 3236 multaque
282 3177 335 3236 per
348 3161 471 3219 trocleas
485 3170 515 3217 et
528 3169 666 3235 tympana
679 3158 811 3232 pondere
825 3174 934 3233 magno
971 3179 1019 3232 905

119 3259 287 3308 commovet
300 3260 388 3325 atque
401 3250 457 3308 levi
471 3249 591 3308 sustollit
604 3247 740 3305 machina
753 3253 828 3307 nisu.

160 3338 249 3398 Nunc
262 3339 368 3416 quibus
382 3339 428 3398 ille
442 3337 537 3397 modis
551 3356 670 3396 somnus
684 3355 737 3413 per
747 3339 878 3398 membra
894 3343 1023 3418 quietem

118 3427 222 3504 inriget
235 3442 323 3507 atque
337 3430 425 3488 animi
438 3448 522 3489 curas
536 3447 553 3488 e
567 3440 686 3504 pectore
701 3428 802 3502 solvat,
