<?xml version="1.0" encoding="UTF-8"?>
<!DOCTYPE html PUBLIC "-//W3C//DTD XHTML 1.0 Transitional//EN"
    "http://www.w3.org/TR/xhtml1/DTD/xhtml1-transitional.dtd">
<html xmlns="http://www.w3.org/1999/xhtml" xml:lang="en" lang="en">
 <head>
  <title>
</title>
<meta http-equiv="Content-Type" content="text/html;charset=utf-8" />
  <meta name='ocr-system' content='tesseract 3.04.00' />
  <meta name='ocr-capabilities' content='ocr_page ocr_carea ocr_par ocr_line ocrx_word'/>
</head>
<body>
  <div class='ocr_page' id='page_1' title='image "./tlucreticarider00kelsgoog_0263.png"; bbox 0 0 2498 3894; ppageno 0'>
   <div class='ocr_carea' id='block_1_1' title="bbox 128 208 1025 290">
    <p class='ocr_par' dir='ltr' id='par_1_1' title="bbox 128 208 1025 290">
     <span class='ocr_line' id='line_1_1' title="bbox 128 208 1025 290; baseline 0.002 -21"><span class='ocrx_word' id='word_1_1' title='bbox 128 208 187 288; x_wconf 88' lang='lat'>198</span> <span class='ocrx_word' id='word_1_2' title='bbox 456 219 688 276; x_wconf 77' lang='lat' dir='ltr'><strong>LUCRETIUS</strong></span> <span class='ocrx_word' id='word_1_3' title='bbox 957 218 1025 290; x_wconf 82' lang='lat' dir='ltr'>[vt.</span> 
     </span>
    </p>
   </div>
   <div class='ocr_carea' id='block_1_2' title="bbox 47 378 1028 3521">
    <p class='ocr_par' dir='ltr' id='par_1_2' title="bbox 117 378 1028 1086">
     <span class='ocr_line' id='line_1_2' title="bbox 120 378 908 454; baseline -0.001 -15"><span class='ocrx_word' id='word_1_4' title='bbox 120 389 171 439; x_wconf 86' lang='lat' dir='ltr'>aut</span> <span class='ocrx_word' id='word_1_5' title='bbox 187 379 275 438; x_wconf 90' lang='lat' dir='ltr'>alium</span> <span class='ocrx_word' id='word_1_6' title='bbox 289 381 421 454; x_wconf 89' lang='lat' dir='ltr'>quemvis</span> <span class='ocrx_word' id='word_1_7' title='bbox 435 381 529 438; x_wconf 90' lang='lat' dir='ltr'>morbi</span> <span class='ocrx_word' id='word_1_8' title='bbox 543 396 597 454; x_wconf 91' lang='lat' dir='ltr'>per</span> <span class='ocrx_word' id='word_1_9' title='bbox 610 379 741 438; x_wconf 87' lang='lat' dir='ltr'>membra</span> <span class='ocrx_word' id='word_1_10' title='bbox 755 378 908 438; x_wconf 83' lang='lat' dir='ltr'>dolorem?</span> 
     </span>
     <span class='ocr_line' id='line_1_3' title="bbox 120 470 774 546; baseline -0.002 -18"><span class='ocrx_word' id='word_1_11' title='bbox 120 471 298 546; x_wconf 87' lang='lat' dir='ltr'>opturgescit</span> <span class='ocrx_word' id='word_1_12' title='bbox 312 470 391 528; x_wconf 87' lang='lat' dir='ltr'>enim</span> <span class='ocrx_word' id='word_1_13' title='bbox 406 470 502 528; x_wconf 88' lang='lat' dir='ltr'>subito</span> <span class='ocrx_word' id='word_1_14' title='bbox 517 489 579 545; x_wconf 90' lang='lat' dir='ltr'>pes,</span> <span class='ocrx_word' id='word_1_15' title='bbox 595 470 693 544; x_wconf 88' lang='lat' dir='ltr'>arripit</span> <span class='ocrx_word' id='word_1_16' title='bbox 706 488 774 527; x_wconf 88' lang='lat' dir='ltr'>acer</span> 
     </span>
     <span class='ocr_line' id='line_1_4' title="bbox 120 559 826 635; baseline 0.001 -18"><span class='ocrx_word' id='word_1_17' title='bbox 120 578 208 635; x_wconf 86' lang='lat' dir='ltr'>saepe</span> <span class='ocrx_word' id='word_1_18' title='bbox 223 559 308 617; x_wconf 90' lang='lat' dir='ltr'>dolor</span> <span class='ocrx_word' id='word_1_19' title='bbox 322 560 435 631; x_wconf 71' lang='lat' dir='ltr'>dentes</span> <span class='ocrx_word' id='word_1_20' title='bbox 451 561 552 618; x_wconf 91' lang='lat' dir='ltr'>oculos</span> <span class='ocrx_word' id='word_1_21' title='bbox 568 559 677 618; x_wconf 87' lang='lat' dir='ltr'>invadit</span> <span class='ocrx_word' id='word_1_22' title='bbox 691 560 720 617; x_wconf 92' lang='lat' dir='ltr'>in</span> <span class='ocrx_word' id='word_1_23' title='bbox 736 560 826 635; x_wconf 79' lang='lat' dir='ltr'>ipsoS,</span> 
     </span>
     <span class='ocr_line' id='line_1_5' title="bbox 119 650 1028 725; baseline -0.002 -17"><span class='ocrx_word' id='word_1_24' title='bbox 119 651 215 708; x_wconf 89' lang='lat' dir='ltr'>existit</span> <span class='ocrx_word' id='word_1_25' title='bbox 229 669 310 708; x_wconf 88' lang='lat' dir='ltr'>sacer</span> <span class='ocrx_word' id='word_1_26' title='bbox 325 650 398 724; x_wconf 91' lang='lat' dir='ltr'>ignis</span> <span class='ocrx_word' id='word_1_27' title='bbox 412 659 442 707; x_wconf 92' lang='lat' dir='ltr'>et</span> <span class='ocrx_word' id='word_1_28' title='bbox 456 651 512 707; x_wconf 91' lang='lat' dir='ltr'>urit</span> <span class='ocrx_word' id='word_1_29' title='bbox 526 668 649 724; x_wconf 93' lang='lat' dir='ltr'>corpore</span> <span class='ocrx_word' id='word_1_30' title='bbox 665 668 783 725; x_wconf 87' lang='lat' dir='ltr'>serpens</span> <span class='ocrx_word' id='word_1_31' title='bbox 977 656 1028 706; x_wconf 89' lang='lat'>660</span> 
     </span>
     <span class='ocr_line' id='line_1_6' title="bbox 119 740 912 816; baseline 0 -18"><span class='ocrx_word' id='word_1_32' title='bbox 119 759 335 815; x_wconf 87' lang='lat' dir='ltr'>quamcumque</span> <span class='ocrx_word' id='word_1_33' title='bbox 350 740 468 816; x_wconf 80' lang='lat' dir='ltr'>arripuit</span> <span class='ocrx_word' id='word_1_34' title='bbox 482 742 596 815; x_wconf 82' lang='lat' dir='ltr'>partim,</span> <span class='ocrx_word' id='word_1_35' title='bbox 611 741 744 815; x_wconf 88' lang='lat' dir='ltr'>repitque</span> <span class='ocrx_word' id='word_1_36' title='bbox 759 759 812 816; x_wconf 94' lang='lat' dir='ltr'>per</span> <span class='ocrx_word' id='word_1_37' title='bbox 825 748 912 812; x_wconf 88' lang='lat' dir='ltr'>artus,</span> 
     </span>
     <span class='ocr_line' id='line_1_7' title="bbox 118 831 833 904; baseline -0.001 -16"><span class='ocrx_word' id='word_1_38' title='bbox 118 831 254 888; x_wconf 86' lang='lat' dir='ltr'>nimirum</span> <span class='ocrx_word' id='word_1_39' title='bbox 270 832 337 904; x_wconf 90' lang='lat' dir='ltr'>quia</span> <span class='ocrx_word' id='word_1_40' title='bbox 351 840 419 888; x_wconf 91' lang='lat' dir='ltr'>sunt</span> <span class='ocrx_word' id='word_1_41' title='bbox 433 831 587 888; x_wconf 89' lang='lat' dir='ltr'>multarum</span> <span class='ocrx_word' id='word_1_42' title='bbox 601 831 714 888; x_wconf 87' lang='lat' dir='ltr'>semina</span> <span class='ocrx_word' id='word_1_43' title='bbox 727 849 833 901; x_wconf 88' lang='lat' dir='ltr'>rerum,</span> 
     </span>
     <span class='ocr_line' id='line_1_8' title="bbox 118 920 859 994; baseline 0 -16"><span class='ocrx_word' id='word_1_44' title='bbox 118 930 148 978; x_wconf 90' lang='lat' dir='ltr'>et</span> <span class='ocrx_word' id='word_1_45' title='bbox 160 921 229 979; x_wconf 85' lang='lat' dir='ltr'>satis</span> <span class='ocrx_word' id='word_1_46' title='bbox 244 920 317 978; x_wconf 88' lang='lat' dir='ltr'>haec</span> <span class='ocrx_word' id='word_1_47' title='bbox 331 921 414 979; x_wconf 88' lang='lat' dir='ltr'>tellus</span> <span class='ocrx_word' id='word_1_48' title='bbox 429 922 513 980; x_wconf 90' lang='lat' dir='ltr'>nobis</span> <span class='ocrx_word' id='word_1_49' title='bbox 527 920 698 994; x_wconf 89' lang='lat' dir='ltr'>caelumque</span> <span class='ocrx_word' id='word_1_50' title='bbox 713 921 780 977; x_wconf 86' lang='lat' dir='ltr'>mali</span> <span class='ocrx_word' id='word_1_51' title='bbox 795 920 859 992; x_wconf 86' lang='lat' dir='ltr'>sert,</span> 
     </span>
     <span class='ocr_line' id='line_1_9' title="bbox 117 1011 820 1086; baseline 0 -18"><span class='ocrx_word' id='word_1_52' title='bbox 117 1011 197 1069; x_wconf 90' lang='lat' dir='ltr'>unde</span> <span class='ocrx_word' id='word_1_53' title='bbox 212 1020 300 1086; x_wconf 88' lang='lat' dir='ltr'>queat</span> <span class='ocrx_word' id='word_1_54' title='bbox 313 1011 354 1068; x_wconf 91' lang='lat' dir='ltr'>vis</span> <span class='ocrx_word' id='word_1_55' title='bbox 369 1012 504 1068; x_wconf 87' lang='lat' dir='ltr'>immensi</span> <span class='ocrx_word' id='word_1_56' title='bbox 517 1028 701 1086; x_wconf 88' lang='lat' dir='ltr'>procrescere</span> <span class='ocrx_word' id='word_1_57' title='bbox 716 1011 820 1068; x_wconf 89' lang='lat' dir='ltr'>morbi.</span> 
     </span>
    </p>

    <p class='ocr_par' dir='ltr' id='par_1_3' title="bbox 47 1099 1028 2425">
     <span class='ocr_line' id='line_1_10' title="bbox 47 1099 1025 1177; baseline -0.003 -17"><span class='ocrx_word' id='word_1_58' title='bbox 47 1119 51 1124; x_wconf 86' lang='grc'><strong>’</strong></span> <span class='ocrx_word' id='word_1_59' title='bbox 118 1101 257 1177; x_wconf 84' lang='lat' dir='ltr'>sicigitur</span> <span class='ocrx_word' id='word_1_60' title='bbox 270 1105 323 1159; x_wconf 89' lang='lat' dir='ltr'>toti</span> <span class='ocrx_word' id='word_1_61' title='bbox 339 1102 421 1160; x_wconf 90' lang='lat' dir='ltr'>eaelo</span> <span class='ocrx_word' id='word_1_62' title='bbox 436 1112 587 1175; x_wconf 89' lang='lat' dir='ltr'>terraeque</span> <span class='ocrx_word' id='word_1_63' title='bbox 602 1099 794 1175; x_wconf 86' lang='lat' dir='ltr'>putandumst</span> <span class='ocrx_word' id='word_1_64' title='bbox 976 1106 1025 1172; x_wconf 82' lang='lat'>665</span> 
     </span>
     <span class='ocr_line' id='line_1_11' title="bbox 119 1192 694 1266; baseline -0.003 -16"><span class='ocrx_word' id='word_1_65' title='bbox 119 1211 156 1250; x_wconf 83' lang='lat' dir='ltr'>ex</span> <span class='ocrx_word' id='word_1_66' title='bbox 170 1192 283 1250; x_wconf 90' lang='lat' dir='ltr'>infinito</span> <span class='ocrx_word' id='word_1_67' title='bbox 299 1193 366 1249; x_wconf 87' lang='lat' dir='ltr'>satis</span> <span class='ocrx_word' id='word_1_68' title='bbox 382 1193 482 1249; x_wconf 87' lang='lat' dir='ltr'>omnia</span> <span class='ocrx_word' id='word_1_69' title='bbox 498 1192 694 1266; x_wconf 90' lang='lat' dir='ltr'>suppeditare,</span> 
     </span>
     <span class='ocr_line' id='line_1_12' title="bbox 117 1280 816 1356; baseline 0 -18"><span class='ocrx_word' id='word_1_70' title='bbox 117 1281 196 1340; x_wconf 91' lang='lat' dir='ltr'>unde</span> <span class='ocrx_word' id='word_1_71' title='bbox 212 1292 332 1356; x_wconf 88' lang='lat' dir='ltr'>repente</span> <span class='ocrx_word' id='word_1_72' title='bbox 347 1292 434 1355; x_wconf 89' lang='lat' dir='ltr'>queat</span> <span class='ocrx_word' id='word_1_73' title='bbox 448 1282 531 1339; x_wconf 90' lang='lat' dir='ltr'>tellus</span> <span class='ocrx_word' id='word_1_74' title='bbox 546 1300 693 1339; x_wconf 88' lang='lat' dir='ltr'>concussa</span> <span class='ocrx_word' id='word_1_75' title='bbox 707 1280 816 1339; x_wconf 90' lang='lat' dir='ltr'>moveri</span> 
     </span>
     <span class='ocr_line' id='line_1_13' title="bbox 118 1371 901 1447; baseline 0 -18"><span class='ocrx_word' id='word_1_76' title='bbox 118 1388 230 1446; x_wconf 89' lang='lat' dir='ltr'>perque</span> <span class='ocrx_word' id='word_1_77' title='bbox 246 1389 325 1428; x_wconf 85' lang='lat' dir='ltr'>mare</span> <span class='ocrx_word' id='word_1_78' title='bbox 340 1390 374 1428; x_wconf 88' lang='lat' dir='ltr'>ac</span> <span class='ocrx_word' id='word_1_79' title='bbox 389 1382 478 1429; x_wconf 89' lang='lat' dir='ltr'>terras</span> <span class='ocrx_word' id='word_1_80' title='bbox 492 1371 610 1446; x_wconf 86' lang='lat' dir='ltr'>rapidus</span> <span class='ocrx_word' id='word_1_81' title='bbox 624 1390 791 1447; x_wconf 87' lang='lat' dir='ltr'>percurrere</span> <span class='ocrx_word' id='word_1_82' title='bbox 806 1371 901 1443; x_wconf 89' lang='lat' dir='ltr'>turbo,</span> 
     </span>
     <span class='ocr_line' id='line_1_14' title="bbox 118 1461 896 1537; baseline -0.001 -18"><span class='ocrx_word' id='word_1_83' title='bbox 118 1462 192 1537; x_wconf 92' lang='lat' dir='ltr'>ignis</span> <span class='ocrx_word' id='word_1_84' title='bbox 208 1461 356 1519; x_wconf 84' lang='lat' dir='ltr'>abundare</span> <span class='ocrx_word' id='word_1_85' title='bbox 371 1463 528 1533; x_wconf 87' lang='lat' dir='ltr'>Aetnaeus,</span> <span class='ocrx_word' id='word_1_86' title='bbox 543 1463 743 1519; x_wconf 88' lang='lat' dir='ltr'>flammescere</span> <span class='ocrx_word' id='word_1_87' title='bbox 761 1462 896 1533; x_wconf 73' lang='lat' dir='ltr'>caelum,</span> 
     </span>
     <span class='ocr_line' id='line_1_15' title="bbox 118 1551 1028 1628; baseline -0.001 -18"><span class='ocrx_word' id='word_1_88' title='bbox 118 1552 150 1610; x_wconf 90' lang='lat' dir='ltr'>id</span> <span class='ocrx_word' id='word_1_89' title='bbox 165 1571 284 1628; x_wconf 90' lang='lat' dir='ltr'>quoque</span> <span class='ocrx_word' id='word_1_90' title='bbox 299 1552 378 1610; x_wconf 89' lang='lat' dir='ltr'>enim</span> <span class='ocrx_word' id='word_1_91' title='bbox 393 1553 469 1610; x_wconf 87' lang='lat' dir='ltr'>litet</span> <span class='ocrx_word' id='word_1_92' title='bbox 483 1551 639 1610; x_wconf 88' lang='lat' dir='ltr'>ardescunt</span> <span class='ocrx_word' id='word_1_93' title='bbox 653 1552 790 1610; x_wconf 88' lang='lat' dir='ltr'>caelestia</span> <span class='ocrx_word' id='word_1_94' title='bbox 804 1551 922 1628; x_wconf 88' lang='lat' dir='ltr'>templa,</span> <span class='ocrx_word' id='word_1_95' title='bbox 977 1558 1028 1620; x_wconf 85' lang='lat'>670</span> 
     </span>
     <span class='ocr_line' id='line_1_16' title="bbox 119 1643 743 1718; baseline -0.002 -18"><span class='ocrx_word' id='word_1_96' title='bbox 119 1652 148 1700; x_wconf 91' lang='lat' dir='ltr'>et</span> <span class='ocrx_word' id='word_1_97' title='bbox 164 1653 352 1717; x_wconf 87' lang='lat' dir='ltr'>tempestates</span> <span class='ocrx_word' id='word_1_98' title='bbox 366 1643 480 1718; x_wconf 89' lang='lat' dir='ltr'>pluviae</span> <span class='ocrx_word' id='word_1_99' title='bbox 495 1643 625 1718; x_wconf 88' lang='lat' dir='ltr'>graviore</span> <span class='ocrx_word' id='word_1_100' title='bbox 640 1653 743 1699; x_wconf 91' lang='lat' dir='ltr'>coortu</span> 
     </span>
     <span class='ocr_line' id='line_1_17' title="bbox 119 1733 909 1805; baseline 0.001 -14"><span class='ocrx_word' id='word_1_101' title='bbox 119 1743 194 1803; x_wconf 92' lang='lat' dir='ltr'>sunt,</span> <span class='ocrx_word' id='word_1_102' title='bbox 211 1734 260 1791; x_wconf 91' lang='lat' dir='ltr'>ubi</span> <span class='ocrx_word' id='word_1_103' title='bbox 275 1733 348 1791; x_wconf 88' lang='lat' dir='ltr'>sorte</span> <span class='ocrx_word' id='word_1_104' title='bbox 364 1735 403 1790; x_wconf 92' lang='lat' dir='ltr'>ita</span> <span class='ocrx_word' id='word_1_105' title='bbox 417 1752 448 1791; x_wconf 93' lang='lat' dir='ltr'>se</span> <span class='ocrx_word' id='word_1_106' title='bbox 463 1734 620 1792; x_wconf 90' lang='lat' dir='ltr'>tetulerunt</span> <span class='ocrx_word' id='word_1_107' title='bbox 634 1734 745 1791; x_wconf 91' lang='lat' dir='ltr'>semina</span> <span class='ocrx_word' id='word_1_108' title='bbox 759 1750 909 1805; x_wconf 88' lang='lat' dir='ltr'>aquarum.</span> 
     </span>
     <span class='ocr_line' id='line_1_18' title="bbox 119 1823 844 1900; baseline -0.001 -18"><span class='ocrx_word' id='word_1_109' title='bbox 119 1828 169 1883; x_wconf 92' lang='lat' dir='ltr'>‘at</span> <span class='ocrx_word' id='word_1_110' title='bbox 183 1825 269 1883; x_wconf 90' lang='lat' dir='ltr'>nimis</span> <span class='ocrx_word' id='word_1_111' title='bbox 284 1835 327 1883; x_wconf 90' lang='lat' dir='ltr'>est</span> <span class='ocrx_word' id='word_1_112' title='bbox 341 1825 443 1900; x_wconf 89' lang='lat' dir='ltr'>ingens</span> <span class='ocrx_word' id='word_1_113' title='bbox 458 1825 578 1884; x_wconf 88' lang='lat' dir='ltr'>incendi</span> <span class='ocrx_word' id='word_1_114' title='bbox 592 1824 723 1883; x_wconf 88' lang='lat' dir='ltr'>turbidus</span> <span class='ocrx_word' id='word_1_115' title='bbox 738 1823 844 1882; x_wconf 87' lang='lat' dir='ltr'>ardor.’</span> 
     </span>
     <span class='ocr_line' id='line_1_19' title="bbox 119 1915 753 1990; baseline 0 -18"><span class='ocrx_word' id='word_1_116' title='bbox 119 1916 228 1973; x_wconf 87' lang='lat' dir='ltr'>scilicet</span> <span class='ocrx_word' id='word_1_117' title='bbox 243 1925 272 1972; x_wconf 93' lang='lat' dir='ltr'>et</span> <span class='ocrx_word' id='word_1_118' title='bbox 286 1915 387 1972; x_wconf 83' lang='lat' dir='ltr'>fluvius</span> <span class='ocrx_word' id='word_1_119' title='bbox 402 1916 494 1990; x_wconf 84' lang='lat' dir='ltr'>quiris</span> <span class='ocrx_word' id='word_1_120' title='bbox 509 1925 553 1973; x_wconf 86' lang='lat' dir='ltr'>est</span> <span class='ocrx_word' id='word_1_121' title='bbox 566 1916 710 1973; x_wconf 87' lang='lat' dir='ltr'>maximus</span> <span class='ocrx_word' id='word_1_122' title='bbox 725 1915 753 1972; x_wconf 90' lang='lat' dir='ltr'>ei</span> 
     </span>
     <span class='ocr_line' id='line_1_20' title="bbox 118 2005 1025 2080; baseline 0.001 -19"><span class='ocrx_word' id='word_1_123' title='bbox 118 2006 168 2080; x_wconf 93' lang='lat' dir='ltr'>qui</span> <span class='ocrx_word' id='word_1_124' title='bbox 183 2024 243 2062; x_wconf 93' lang='lat' dir='ltr'>non</span> <span class='ocrx_word' id='word_1_125' title='bbox 258 2016 324 2063; x_wconf 89' lang='lat' dir='ltr'>ante</span> <span class='ocrx_word' id='word_1_126' title='bbox 339 2006 465 2079; x_wconf 89' lang='lat' dir='ltr'>aliquem</span> <span class='ocrx_word' id='word_1_127' title='bbox 481 2007 620 2063; x_wconf 84' lang='lat' dir='ltr'>maiorem</span> <span class='ocrx_word' id='word_1_128' title='bbox 634 2005 715 2076; x_wconf 89' lang='lat' dir='ltr'>vidit,</span> <span class='ocrx_word' id='word_1_129' title='bbox 730 2014 760 2062; x_wconf 93' lang='lat' dir='ltr'>et</span> <span class='ocrx_word' id='word_1_130' title='bbox 774 2005 877 2079; x_wconf 87' lang='lat' dir='ltr'>ingens</span> <span class='ocrx_word' id='word_1_131' title='bbox 977 2012 1025 2078; x_wconf 79' lang='lat'>675</span> 
     </span>
     <span class='ocr_line' id='line_1_21' title="bbox 118 2095 932 2171; baseline -0.001 -18"><span class='ocrx_word' id='word_1_132' title='bbox 118 2097 203 2154; x_wconf 88' lang='lat' dir='ltr'>arbor</span> <span class='ocrx_word' id='word_1_133' title='bbox 217 2097 366 2171; x_wconf 90' lang='lat' dir='ltr'>homoque</span> <span class='ocrx_word' id='word_1_134' title='bbox 381 2096 503 2167; x_wconf 87' lang='lat' dir='ltr'>videtur,</span> <span class='ocrx_word' id='word_1_135' title='bbox 519 2106 547 2153; x_wconf 91' lang='lat' dir='ltr'>et</span> <span class='ocrx_word' id='word_1_136' title='bbox 562 2097 661 2153; x_wconf 92' lang='lat' dir='ltr'>omnia</span> <span class='ocrx_word' id='word_1_137' title='bbox 675 2095 713 2152; x_wconf 92' lang='lat' dir='ltr'>de</span> <span class='ocrx_word' id='word_1_138' title='bbox 728 2113 835 2170; x_wconf 85' lang='lat' dir='ltr'>genere</span> <span class='ocrx_word' id='word_1_139' title='bbox 850 2096 932 2153; x_wconf 91' lang='lat' dir='ltr'>omni</span> 
     </span>
     <span class='ocr_line' id='line_1_22' title="bbox 118 2186 904 2262; baseline -0.003 -18"><span class='ocrx_word' id='word_1_140' title='bbox 118 2188 245 2244; x_wconf 83' lang='lat' dir='ltr'>maxima</span> <span class='ocrx_word' id='word_1_141' title='bbox 259 2206 335 2262; x_wconf 87' lang='lat' dir='ltr'>quae</span> <span class='ocrx_word' id='word_1_142' title='bbox 349 2187 421 2244; x_wconf 89' lang='lat' dir='ltr'>vidit</span> <span class='ocrx_word' id='word_1_143' title='bbox 436 2187 567 2260; x_wconf 88' lang='lat' dir='ltr'>quisque,</span> <span class='ocrx_word' id='word_1_144' title='bbox 584 2186 656 2242; x_wconf 88' lang='lat' dir='ltr'>haec</span> <span class='ocrx_word' id='word_1_145' title='bbox 672 2186 799 2260; x_wconf 86' lang='lat' dir='ltr'>ingentia</span> <span class='ocrx_word' id='word_1_146' title='bbox 813 2187 904 2261; x_wconf 89' lang='lat' dir='ltr'>fingit,</span> 
     </span>
     <span class='ocr_line' id='line_1_23' title="bbox 119 2277 886 2352; baseline -0.001 -17"><span class='ocrx_word' id='word_1_147' title='bbox 119 2296 186 2334; x_wconf 84' lang='lat' dir='ltr'>cum</span> <span class='ocrx_word' id='word_1_148' title='bbox 202 2288 300 2335; x_wconf 88' lang='lat' dir='ltr'>tamen</span> <span class='ocrx_word' id='word_1_149' title='bbox 315 2278 413 2334; x_wconf 82' lang='lat' dir='ltr'>omnia</span> <span class='ocrx_word' id='word_1_150' title='bbox 428 2296 495 2333; x_wconf 91' lang='lat' dir='ltr'>cum</span> <span class='ocrx_word' id='word_1_151' title='bbox 511 2277 593 2333; x_wconf 86' lang='lat' dir='ltr'>caelo</span> <span class='ocrx_word' id='word_1_152' title='bbox 608 2286 741 2350; x_wconf 83' lang='lat' dir='ltr'>terraque</span> <span class='ocrx_word' id='word_1_153' title='bbox 757 2277 886 2352; x_wconf 86' lang='lat' dir='ltr'>marique</span> 
     </span>
     <span class='ocr_line' id='line_1_24' title="bbox 119 2367 824 2425; baseline -0.001 0"><span class='ocrx_word' id='word_1_154' title='bbox 119 2368 159 2425; x_wconf 92' lang='lat' dir='ltr'>nil</span> <span class='ocrx_word' id='word_1_155' title='bbox 174 2368 230 2425; x_wconf 90' lang='lat' dir='ltr'>sint</span> <span class='ocrx_word' id='word_1_156' title='bbox 244 2367 282 2424; x_wconf 90' lang='lat' dir='ltr'>ad</span> <span class='ocrx_word' id='word_1_157' title='bbox 296 2386 439 2425; x_wconf 87' lang='lat' dir='ltr'>summam</span> <span class='ocrx_word' id='word_1_158' title='bbox 455 2368 578 2423; x_wconf 89' lang='lat' dir='ltr'>summai</span> <span class='ocrx_word' id='word_1_159' title='bbox 593 2367 680 2423; x_wconf 90' lang='lat' dir='ltr'>totius</span> <span class='ocrx_word' id='word_1_160' title='bbox 696 2385 824 2424; x_wconf 90' lang='lat' dir='ltr'>omnem.</span> 
     </span>
    </p>

    <p class='ocr_par' dir='ltr' id='par_1_4' title="bbox 161 2457 1027 2531">
     <span class='ocr_line' id='line_1_25' title="bbox 161 2457 1027 2531; baseline 0.002 -17"><span class='ocrx_word' id='word_1_161' title='bbox 161 2459 249 2514; x_wconf 92' lang='lat' dir='ltr'>Nunc</span> <span class='ocrx_word' id='word_1_162' title='bbox 264 2467 362 2514; x_wconf 88' lang='lat' dir='ltr'>tamen</span> <span class='ocrx_word' id='word_1_163' title='bbox 378 2457 424 2513; x_wconf 89' lang='lat' dir='ltr'>illa</span> <span class='ocrx_word' id='word_1_164' title='bbox 438 2457 534 2514; x_wconf 88' lang='lat' dir='ltr'>modis</span> <span class='ocrx_word' id='word_1_165' title='bbox 550 2457 655 2530; x_wconf 85' lang='lat' dir='ltr'>quibus</span> <span class='ocrx_word' id='word_1_166' title='bbox 670 2457 783 2514; x_wconf 87' lang='lat' dir='ltr'>inritata</span> <span class='ocrx_word' id='word_1_167' title='bbox 797 2467 918 2531; x_wconf 89' lang='lat' dir='ltr'>repente</span> <span class='ocrx_word' id='word_1_168' title='bbox 975 2465 1027 2516; x_wconf 84' lang='lat'>680</span> 
     </span>
    </p>

    <p class='ocr_par' dir='ltr' id='par_1_5' title="bbox 117 2547 1026 3521">
     <span class='ocr_line' id='line_1_26' title="bbox 121 2547 835 2618; baseline -0.001 -14"><span class='ocrx_word' id='word_1_169' title='bbox 121 2548 237 2604; x_wconf 88' lang='lat' dir='ltr'>flamma</span> <span class='ocrx_word' id='word_1_170' title='bbox 252 2548 326 2605; x_wconf 86' lang='lat' dir='ltr'>foras</span> <span class='ocrx_word' id='word_1_171' title='bbox 340 2549 426 2604; x_wconf 88' lang='lat' dir='ltr'>vastis</span> <span class='ocrx_word' id='word_1_172' title='bbox 440 2549 551 2604; x_wconf 90' lang='lat' dir='ltr'>Aetnae</span> <span class='ocrx_word' id='word_1_173' title='bbox 566 2548 732 2604; x_wconf 83' lang='lat' dir='ltr'>fornacibus</span> <span class='ocrx_word' id='word_1_174' title='bbox 747 2547 835 2618; x_wconf 87' lang='lat' dir='ltr'>efflet,</span> 
     </span>
     <span class='ocr_line' id='line_1_27' title="bbox 120 2637 792 2712; baseline -0.001 -18"><span class='ocrx_word' id='word_1_175' title='bbox 120 2637 283 2712; x_wconf 88' lang='lat' dir='ltr'>expediam.</span> <span class='ocrx_word' id='word_1_176' title='bbox 299 2639 425 2712; x_wconf 89' lang='lat' dir='ltr'>primum</span> <span class='ocrx_word' id='word_1_177' title='bbox 442 2639 529 2696; x_wconf 91' lang='lat' dir='ltr'>totius</span> <span class='ocrx_word' id='word_1_178' title='bbox 544 2639 671 2695; x_wconf 81' lang='lat' dir='ltr'>subcava</span> <span class='ocrx_word' id='word_1_179' title='bbox 685 2638 792 2694; x_wconf 88' lang='lat' dir='ltr'>montis</span> 
     </span>
     <span class='ocr_line' id='line_1_28' title="bbox 119 2727 773 2799; baseline -0.002 -15"><span class='ocrx_word' id='word_1_180' title='bbox 119 2738 162 2784; x_wconf 90' lang='lat' dir='ltr'>est</span> <span class='ocrx_word' id='word_1_181' title='bbox 176 2739 286 2799; x_wconf 86' lang='lat' dir='ltr'>natura,</span> <span class='ocrx_word' id='word_1_182' title='bbox 301 2728 359 2784; x_wconf 83' lang='lat' dir='ltr'>fere</span> <span class='ocrx_word' id='word_1_183' title='bbox 375 2728 488 2785; x_wconf 88' lang='lat' dir='ltr'>silicum</span> <span class='ocrx_word' id='word_1_184' title='bbox 504 2728 619 2785; x_wconf 82' lang='lat' dir='ltr'>suffulta</span> <span class='ocrx_word' id='word_1_185' title='bbox 634 2727 773 2784; x_wconf 82' lang='lat' dir='ltr'>cavernis</span> 
     </span>
     <span class='ocr_line' id='line_1_29' title="bbox 119 2816 863 2892; baseline -0.001 -18"><span class='ocrx_word' id='word_1_186' title='bbox 119 2819 254 2874; x_wconf 91' lang='lat' dir='ltr'>omnibus</span> <span class='ocrx_word' id='word_1_187' title='bbox 270 2828 313 2874; x_wconf 92' lang='lat' dir='ltr'>est</span> <span class='ocrx_word' id='word_1_188' title='bbox 327 2836 415 2892; x_wconf 91' lang='lat' dir='ltr'>porro</span> <span class='ocrx_word' id='word_1_189' title='bbox 430 2818 459 2873; x_wconf 92' lang='lat' dir='ltr'>in</span> <span class='ocrx_word' id='word_1_190' title='bbox 474 2818 619 2891; x_wconf 89' lang='lat' dir='ltr'>speluncis</span> <span class='ocrx_word' id='word_1_191' title='bbox 633 2828 737 2874; x_wconf 91' lang='lat' dir='ltr'>ventus</span> <span class='ocrx_word' id='word_1_192' title='bbox 753 2827 782 2873; x_wconf 90' lang='lat' dir='ltr'>et</span> <span class='ocrx_word' id='word_1_193' title='bbox 796 2816 845 2873; x_wconf 72' lang='lat' dir='ltr'>aiir</span> <span class='ocrx_word' id='word_1_194' title='bbox 854 2837 863 2888; x_wconf 90' lang='lat'>;</span> 
     </span>
     <span class='ocr_line' id='line_1_30' title="bbox 118 2906 1024 2981; baseline 0 -17"><span class='ocrx_word' id='word_1_195' title='bbox 118 2918 221 2964; x_wconf 89' lang='lat' dir='ltr'>ventus</span> <span class='ocrx_word' id='word_1_196' title='bbox 236 2909 313 2964; x_wconf 90' lang='lat' dir='ltr'>enim</span> <span class='ocrx_word' id='word_1_197' title='bbox 329 2908 369 2978; x_wconf 83' lang='lat' dir='ltr'>sit,</span> <span class='ocrx_word' id='word_1_198' title='bbox 385 2908 435 2964; x_wconf 91' lang='lat' dir='ltr'>ubi</span> <span class='ocrx_word' id='word_1_199' title='bbox 450 2919 494 2964; x_wconf 94' lang='lat' dir='ltr'>est</span> <span class='ocrx_word' id='word_1_200' title='bbox 508 2906 646 2981; x_wconf 86' lang='lat' dir='ltr'>agitando</span> <span class='ocrx_word' id='word_1_201' title='bbox 660 2906 787 2980; x_wconf 88' lang='lat' dir='ltr'>percitus</span> <span class='ocrx_word' id='word_1_202' title='bbox 802 2907 860 2964; x_wconf 82' lang='lat' dir='ltr'>a&#39;er.</span> <span class='ocrx_word' id='word_1_203' title='bbox 975 2913 1024 2977; x_wconf 85' lang='lat'>685</span> 
     </span>
     <span class='ocr_line' id='line_1_31' title="bbox 118 2996 828 3071; baseline -0.004 -17"><span class='ocrx_word' id='word_1_204' title='bbox 118 2996 166 3054; x_wconf 89' lang='lat' dir='ltr'>hic</span> <span class='ocrx_word' id='word_1_205' title='bbox 182 2998 230 3054; x_wconf 90' lang='lat' dir='ltr'>ubi</span> <span class='ocrx_word' id='word_1_206' title='bbox 245 2999 384 3071; x_wconf 88' lang='lat' dir='ltr'>percaluit</span> <span class='ocrx_word' id='word_1_207' title='bbox 399 2997 590 3070; x_wconf 85' lang='lat' dir='ltr'>calefecitque</span> <span class='ocrx_word' id='word_1_208' title='bbox 606 2997 704 3053; x_wconf 86' lang='lat' dir='ltr'>omnia</span> <span class='ocrx_word' id='word_1_209' title='bbox 719 2996 828 3052; x_wconf 90' lang='lat' dir='ltr'>circum</span> 
     </span>
     <span class='ocr_line' id='line_1_32' title="bbox 118 3086 906 3162; baseline 0 -18"><span class='ocrx_word' id='word_1_210' title='bbox 118 3106 187 3144; x_wconf 84' lang='lat' dir='ltr'>saxa</span> <span class='ocrx_word' id='word_1_211' title='bbox 201 3088 306 3158; x_wconf 79' lang='lat' dir='ltr'>furem,</span> <span class='ocrx_word' id='word_1_212' title='bbox 322 3107 380 3162; x_wconf 87' lang='lat' dir='ltr'>qua</span> <span class='ocrx_word' id='word_1_213' title='bbox 394 3088 544 3162; x_wconf 87' lang='lat' dir='ltr'>contingit,</span> <span class='ocrx_word' id='word_1_214' title='bbox 560 3096 733 3159; x_wconf 87' lang='lat' dir='ltr'>terramque,</span> <span class='ocrx_word' id='word_1_215' title='bbox 749 3097 778 3143; x_wconf 87' lang='lat' dir='ltr'>et</span> <span class='ocrx_word' id='word_1_216' title='bbox 792 3086 829 3143; x_wconf 90' lang='lat' dir='ltr'>ab</span> <span class='ocrx_word' id='word_1_217' title='bbox 843 3086 906 3144; x_wconf 92' lang='lat' dir='ltr'>ollis</span> 
     </span>
     <span class='ocr_line' id='line_1_33' title="bbox 119 3177 808 3250; baseline -0.003 -16"><span class='ocrx_word' id='word_1_218' title='bbox 119 3178 245 3235; x_wconf 86' lang='lat' dir='ltr'>excussit</span> <span class='ocrx_word' id='word_1_219' title='bbox 259 3178 386 3235; x_wconf 89' lang='lat' dir='ltr'>calidum</span> <span class='ocrx_word' id='word_1_220' title='bbox 402 3178 524 3235; x_wconf 86' lang='lat' dir='ltr'>flammis</span> <span class='ocrx_word' id='word_1_221' title='bbox 538 3177 686 3235; x_wconf 89' lang='lat' dir='ltr'>velocibus</span> <span class='ocrx_word' id='word_1_222' title='bbox 701 3177 808 3250; x_wconf 86' lang='lat' dir='ltr'>ignem,</span> 
     </span>
     <span class='ocr_line' id='line_1_34' title="bbox 118 3266 748 3326; baseline -0.003 0"><span class='ocrx_word' id='word_1_223' title='bbox 118 3269 191 3326; x_wconf 91' lang='lat' dir='ltr'>tollit</span> <span class='ocrx_word' id='word_1_224' title='bbox 206 3286 238 3325; x_wconf 92' lang='lat' dir='ltr'>se</span> <span class='ocrx_word' id='word_1_225' title='bbox 253 3287 287 3324; x_wconf 92' lang='lat' dir='ltr'>ac</span> <span class='ocrx_word' id='word_1_226' title='bbox 301 3268 386 3324; x_wconf 91' lang='lat' dir='ltr'>rectis</span> <span class='ocrx_word' id='word_1_227' title='bbox 401 3268 440 3324; x_wconf 89' lang='lat' dir='ltr'>ita</span> <span class='ocrx_word' id='word_1_228' title='bbox 454 3267 586 3324; x_wconf 85' lang='lat' dir='ltr'>saucibus</span> <span class='ocrx_word' id='word_1_229' title='bbox 601 3267 668 3324; x_wconf 88' lang='lat' dir='ltr'>eicit</span> <span class='ocrx_word' id='word_1_230' title='bbox 682 3266 748 3324; x_wconf 89' lang='lat' dir='ltr'>alte.</span> 
     </span>
     <span class='ocr_line' id='line_1_35' title="bbox 117 3356 1026 3432; baseline -0.001 -17"><span class='ocrx_word' id='word_1_231' title='bbox 117 3359 172 3415; x_wconf 92' lang='lat' dir='ltr'>sert</span> <span class='ocrx_word' id='word_1_232' title='bbox 186 3358 283 3432; x_wconf 90' lang='lat' dir='ltr'>itaque</span> <span class='ocrx_word' id='word_1_233' title='bbox 297 3356 432 3414; x_wconf 88' lang='lat' dir='ltr'>ardorem</span> <span class='ocrx_word' id='word_1_234' title='bbox 446 3357 532 3431; x_wconf 87' lang='lat' dir='ltr'>longe</span> <span class='ocrx_word' id='word_1_235' title='bbox 546 3357 691 3431; x_wconf 83' lang='lat' dir='ltr'>longeque</span> <span class='ocrx_word' id='word_1_236' title='bbox 706 3356 831 3414; x_wconf 83' lang='lat' dir='ltr'>favillam</span> <span class='ocrx_word' id='word_1_237' title='bbox 975 3363 1026 3430; x_wconf 87' lang='lat'>690</span> 
     </span>
     <span class='ocr_line' id='line_1_36' title="bbox 119 3446 731 3521; baseline -0.003 -15"><span class='ocrx_word' id='word_1_238' title='bbox 119 3447 259 3506; x_wconf 71' lang='lat' dir='ltr'>dissertet</span> <span class='ocrx_word' id='word_1_239' title='bbox 273 3465 368 3504; x_wconf 89' lang='lat' dir='ltr'>crassa</span> <span class='ocrx_word' id='word_1_240' title='bbox 382 3447 469 3504; x_wconf 91' lang='lat' dir='ltr'>volvit</span> <span class='ocrx_word' id='word_1_241' title='bbox 484 3447 605 3521; x_wconf 85' lang='lat' dir='ltr'>caligine</span> <span class='ocrx_word' id='word_1_242' title='bbox 620 3446 731 3504; x_wconf 90' lang='lat' dir='ltr'>sumum</span> 
     </span>
    </p>
   </div>
   <div class='ocr_carea' id='block_1_3' title="bbox 0 0 1254 3894">
    <p class='ocr_par' dir='ltr' id='par_1_6' title="bbox 0 0 1254 3894">
     <span class='ocr_line' id='line_1_37' title="bbox 0 0 1254 3894; baseline 0 0"><span class='ocrx_word' id='word_1_243' title='bbox 0 0 1254 3894; x_wconf 95' lang='lat' dir='ltr'> </span> 
     </span>
    </p>
   </div>
  </div>
 </body>
</html>
