2498 3894
118 219 158 298 78
453 229 682 284 nuenarius
920 188 923 196 ¹
946 231 1019 302 [111.

117 410 173 450 nec
187 391 291 449 crescit
304 407 402 465 neque
415 400 483 466 post
495 400 619 448 mortem
634 389 738 448 durare
751 389 874 450 videtur.

117 502 178 541 non
193 483 280 553 enim,
295 493 328 539 ut
341 499 426 538 umor
440 482 532 555 aquae
548 481 664 538 dimittit
679 499 767 556 saepe
782 500 920 556 vaporem

118 575 167 648 qui
182 572 266 631 datus
281 581 332 643 est,
349 589 445 645 neque
461 589 496 628 ea
509 590 597 628 causa
611 572 782 629 convellitur
796 573 868 646 ipse,
969 592 1020 645 340

118 662 170 720 sed
185 672 283 721 manet
297 661 460 732 incolumis
474 679 544 732 non,
560 661 688 735 inquam,
704 662 745 719 sic
760 663 866 720 animai

119 753 273 811 discidium
287 761 409 828 possunt
422 761 499 810 artus
513 752 638 826 perferre
653 751 753 823 relicti,

117 843 171 900 sed
185 845 300 918 penitus
314 853 437 918 pereunt
452 841 582 899 convulsi
596 859 712 915 conque
727 851 907 916 putrescunt.

118 952 155 990 ex
169 934 286 991 ineunte
301 952 373 991 aevo
388 933 429 990 sic
445 931 572 1004 corporis
588 942 675 1005 atque
689 932 797 990 animai

34 1088 37 1093 Α
118 1034 219 1082 mutua
232 1023 323 1080 vitalis
338 1023 455 1079 discunt
470 1021 603 1111 cpntagia
616 1030 713 1080 motus
972 1039 1020 1091 345

118 1114 254 1172 maternis
269 1113 357 1170 etiam
371 1112 507 1170 membris
521 1113 645 1186 alvoque
659 1121 785 1185 reposta,

25 1244 30 1259 .
119 1203 273 1261 discidium
288 1213 320 1261 ut
333 1213 460 1283 nequeat
474 1202 536 1260 fieri
549 1203 612 1260 sine
626 1211 709 1276 peste
724 1202 860 1276 maloque
872 1223 881 1276 3
920 1269 928 1295 Ι

118 1303 150 1350 ut
163 1293 272 1365 videas
287 1294 426 1368 quoniam
440 1293 623 1351 coniunctast
638 1311 725 1351 causa
740 1292 846 1363 salutis,
908 1298 933 1375 ᾗ
949 1330 963 1352 t.
977 1326 983 1335 -
999 1339 1009 1347 ..

118 1385 304 1442 coniunctam
320 1401 438 1459 quoque
452 1393 584 1448 naturam
598 1383 757 1441 consistere
773 1400 885 1440 eorum.
903 1378 909 1397 ¹

159 1473 250 1547 Quod
265 1484 403 1549 superest,
418 1475 506 1549 siquis
521 1493 626 1549 corpus
642 1474 746 1532 sentire
761 1473 866 1530 refutat
969 1489 1019 1543 35ο

118 1574 206 1639 atque
221 1566 348 1622 animam
363 1565 456 1621 credit
470 1565 643 1638 permixtam
659 1581 782 1639 corpore
798 1571 861 1620 toto

118 1656 264 1731 suscipere
280 1655 357 1711 hunc
372 1664 484 1712 motum
499 1672 586 1728 quem
603 1674 719 1712 sensum
734 1653 951 1724 nominitamus

117 1747 164 1803 vel
177 1745 342 1802 manifestas
357 1763 401 1802 res
416 1753 517 1802 contra
531 1763 671 1819 verasque
686 1754 838 1820 repugnat.

118 1834 189 1910 quid
204 1836 240 1892 sit
255 1835 332 1892 enim
346 1853 452 1909 corpus
467 1834 571 1892 sentire
587 1836 651 1908 quis
665 1835 777 1892 adferet
790 1851 941 1908 umquam,

118 1926 215 1984 sinon
230 1926 293 2000 ipsa
307 1925 403 1999 palam
418 1924 498 1999 quod
513 1943 558 1982 res
573 1924 656 1982 dedit
670 1943 705 1982 ac
719 1925 821 1983 docuit
835 1943 889 1982 nos
905 1926 919 1982 Ρ
971 1941 1020 1994 355

118 2015 278 2073 atdimissa
292 2016 389 2072 anima
403 2033 508 2089 corpus
523 2024 602 2072 caret
616 2014 746 2089 undique
762 2034 847 2073 sensu
858 2035 868 2087 ;

117 2106 213 2180 perdit
227 2107 304 2163 enim
320 2105 402 2180 quod
416 2124 476 2163 non
491 2106 640 2179 proprium
654 2106 707 2162 suit
722 2107 783 2162 eius
797 2106 826 2162 in
842 2121 915 2162 aevo
929 2124 938 2177 3

117 2195 265 2270 multaque
280 2205 430 2270 praeterea
444 2194 539 2269 perdit
554 2214 641 2269 quam
657 2195 808 2269 expellitur
822 2205 899 2252 ante.

158 2286 264 2342 Dicere
279 2304 365 2359 porro
381 2286 482 2343 oculos
496 2286 604 2342 nullam
618 2304 679 2342 rem
695 2303 813 2342 cernere
828 2302 924 2358 posse,

118 2374 170 2433 sed
185 2393 238 2450 per
252 2394 302 2433 eos
317 2376 446 2433 animum
461 2386 493 2433 ut
506 2376 614 2433 foribus
629 2385 760 2450 spectare
774 2375 902 2445 reclusis,
970 2380 1021 2444 360

117 2465 271 2536 difficilest,
287 2476 388 2523 contra
402 2485 471 2522 eum
486 2484 586 2523 sensus
601 2466 681 2523 dicat
696 2454 816 2523 eonsm:

118 2574 218 2613 sensus
233 2556 311 2612 enim
326 2555 411 2612 trahit
424 2566 513 2628 atque
527 2557 604 2613 acies
620 2555 748 2613 detrudit
762 2555 800 2612 ad
815 2555 911 2629 ipsas3

117 2645 226 2720 fulgida
239 2645 407 2721 praesertim
424 2664 491 2703 cum
506 2664 625 2703 cernere
641 2664 729 2720 saepe
743 2646 909 2719 nequimus

117 2735 227 2792 lumina
240 2735 396 2793 luminibus
411 2736 479 2810 quia
493 2737 577 2793 nobis
592 2735 829 2809 praepediuntur.
853 2795 873 2817 ἦ,

118 2824 199 2900 quod
210 2825 318 2883 foribus
327 2844 389 2882 non
400 2826 432 2882 fit
443 2847 451 2898 5
463 2844 559 2899 neque
569 2827 656 2897 enim,
666 2826 734 2899 quia
743 2814 888 2883 cernimus
897 2825 962 2900 ipsi,
971 2830 1019 2896 365

117 2916 192 2972 ostia
206 2916 366 2989 suscipiunt
380 2916 469 2972 ullum
484 2916 595 2973 reclusa
609 2916 747 2974 laborem.
986 2950 1070 3009 ··⁶.‚1:..
1117 2986 1121 2991 Ι

117 3016 266 3082 praeterea
280 3008 304 3065 si
318 3026 371 3082 pro
386 3008 493 3066 foribus
508 3018 574 3066 sunt
588 3009 697 3065 lumina
711 3018 818 3078 nostra,

117 3098 175 3154 iam
189 3098 281 3171 magis
296 3099 438 3172 exemptis
452 3099 543 3156 oculis
560 3098 668 3157 debere
682 3098 797 3156 videtur

117 3205 235 3244 cernere
250 3206 295 3245 res
309 3189 422 3246 animus
437 3189 553 3247 sublatis
567 3190 699 3264 postibus
714 3190 791 3263 ipsis.

158 3275 235 3335 Illud
249 3278 279 3334 in
293 3277 337 3336 his
351 3279 436 3336 rebus
451 3297 636 3354 nequaquam
651 3297 764 3336 sumere
779 3277 882 3353 possis,
965 3293 1022 3354 370

118 3367 282 3425 Democriti
295 3368 376 3442 quod
391 3378 490 3426 sancta
503 3370 554 3426 viri
569 3370 711 3426 sententia
725 3370 818 3444 ponit,
845 3438 852 3447 ⁵

117 3458 247 3533 corporis
261 3468 349 3532 atque
364 3460 453 3517 animi
466 3458 625 3534 primordia
638 3459 749 3534 singula
762 3459 850 3534 privis
