2498 3894
185 216 242 287 11.]
419 217 474 270 or:
505 217 651 270 neuun
678 218 851 272 NATURA

182 389 337 454 propterea
351 378 420 454 quia
433 396 540 454 corpus
554 397 647 453 aquae
660 388 820 454 naturaque
835 381 927 438 tenvis

182 470 255 528 a'e'ris
269 468 339 526 haut
352 479 475 544 possunt
488 487 582 543 aeque
596 487 658 526 rem
673 488 821 544 quamque
836 471 951 543 morari,

182 559 236 617 sed
250 559 334 617 citius
348 558 458 617 cedunt
471 560 649 635 gravioribus
663 571 854 635 exsuperata;

182 659 212 706 at
226 660 327 706 contra
341 649 411 707 nulli
425 649 464 706 de
477 650 556 707 nulla
570 660 650 723 parte
665 669 761 724 neque
776 652 835 708 ullo
1040 671 1085 722 ²35

182 749 314 814 ternpore
328 740 415 797 inane
429 750 527 815 potest
540 758 665 797 vacuum
680 741 834 798 subsistere
849 741 900 813 rei,

182 830 262 904 quin,
277 848 329 887 sua
343 828 424 904 quod
438 840 541 887 natura
554 831 636 905 petit,
651 831 817 888 concedere
832 842 952 906 pergat;

182 921 282 977 omnia
292 931 469 995 quapropter
482 920 593 978 debent
606 938 659 994 per
672 921 758 978 inane
773 922 905 995 quietum

181 1028 277 1086 aeque
291 1008 469 1084 ponderibus
484 1029 545 1068 non
559 1011 659 1083 aequis
673 1011 790 1068 concita
804 1012 877 1069 ferri.

181 1099 261 1158 haud
276 1101 360 1175 igitur
374 1110 511 1174 poterunt
525 1101 678 1158 levioribus
694 1100 822 1158 incidere
837 1118 977 1174 umquam
1040 1122 1087 1170 ²40

182 1208 340 1265 exsupero
353 1191 484 1266 graviora
497 1208 593 1264 neque
609 1191 682 1248 ictus
696 1191 814 1265 gignere
829 1209 881 1266 per
895 1208 926 1248 se

182 1281 233 1356 qui
246 1281 357 1338 varient
371 1291 467 1338 motus
482 1299 534 1355 per
548 1299 622 1354 quos
637 1291 738 1337 natura
752 1291 832 1355 gerat
845 1299 901 1339 res.

181 1389 272 1445 quare
288 1371 374 1429 etiarn
389 1381 477 1444 atque
492 1371 579 1428 etiam
593 1372 712 1445 paulum
726 1371 863 1428 inclinare
878 1380 1027 1429 necessest

182 1479 324 1535 corpora3
346 1479 403 1518 nec
417 1461 481 1535 plus
496 1479 584 1535 quam
599 1461 761 1532 minimum,
776 1479 814 1519 ne
829 1462 938 1535 fingere
952 1471 1049 1518 motus

182 1552 318 1626 obliquos
332 1551 482 1608 videamur
496 1561 525 1608 et
539 1551 569 1608 id
584 1569 630 1609 res
644 1570 712 1608 vera
725 1553 838 1609 refutet.
1041 1570 1085 1622 ²45

183 1659 311 1716 namque
326 1641 383 1699 hoc
397 1642 427 1699 in
441 1651 579 1717 promptu
594 1642 837 1717 manifestumque
854 1660 917 1700 csse
931 1641 1073 1714 videmus,

181 1731 323 1808 pondera,
335 1740 475 1805 quantum
490 1732 519 1789 in
534 1741 601 1804 sest,
616 1742 677 1789 non
691 1750 777 1806 posse
793 1733 911 1806 obliqua
926 1750 1032 1802 meare,

181 1840 340 1897 exsupero
354 1840 422 1903 curn
436 1822 637 1897 praecipitant,
652 1821 733 1896 quod
747 1840 865 1879 cernere
880 1823 992 1897 possis;

181 1911 236 1972 sed
250 1913 290 1970 nil
305 1906 426 1970 omnino
440 1922 520 1970 recta
534 1913 652 1986 regione
667 1912 723 1970 viai
811 1970 847 1995 ᾧ,

182 2003 329 2062 declinare
344 2003 409 2076 quis
423 2013 467 2060 est
481 2002 530 2076 qui
546 2002 637 2076 possit
651 2020 769 2059 cernere
784 1998 870 2061 sese?
1041 2021 1087 2071 250

224 2094 362 2168 Denique
376 2093 400 2150 si
411 2110 526 2166 semper
540 2101 636 2150 motus
651 2093 813 2150 conectitur
828 2093 922 2151 omnis

181 2194 212 2242 et
225 2195 324 2243 vetere
339 2184 466 2242 exoritur
480 2201 595 2257 semper
609 2201 701 2240 novus
716 2182 817 2240 ordine
833 2193 915 2242 certo

180 2292 239 2332 nec
253 2273 430 2333 declinando
445 2275 554 2330 faciunt
567 2273 726 2347 primordia
740 2283 837 2330 motus

181 2364 359 2441 principium
373 2362 525 2438 quoddam
540 2363 621 2437 quod
635 2363 685 2420 fati
699 2362 818 2421 foedera
831 2373 954 2438 mmpat,

154 2459 156 2464 ’
182 2472 219 2512 ex
233 2455 346 2512 infinito
361 2472 399 2512 ne
415 2472 532 2511 causam
547 2471 635 2510 causa
649 2463 794 2526 sequatur,
1039 2476 1051 2508 2
1054 2474 1067 2524 5
1070 2473 1084 2524 5

181 2544 273 2603 libera
286 2563 339 2620 per
352 2554 440 2603 terras
454 2544 534 2601 unde
548 2543 622 2601 haec
635 2543 829 2601 animantibus
845 2551 945 2615 exstat,

181 2635 261 2694 unde
276 2646 321 2693 est
335 2635 416 2706 haec,
432 2635 561 2710 inquam,
577 2634 641 2691 fatis
655 2633 753 2691 avolsa
767 2643 895 2708 potestas

181 2744 338 2802 perquam
352 2724 555 2801 progredimur
567 2743 627 2800 quo
642 2723 722 2781 ducit
736 2741 883 2798 quemque
898 2724 1039 2795 voluntas,

182 2815 364 2875 declinamus
378 2817 448 2874 item
462 2826 559 2873 motus
573 2833 630 2873 nec
643 2825 776 2888 tempore
791 2825 873 2871 certo

182 2925 240 2965 nec
253 2907 373 2980 regione
387 2906 445 2964 loci
460 2916 546 2977 certa,
561 2904 614 2963 sed
628 2906 679 2964 ubi
693 2905 756 2980 ipsa
766 2903 830 2962 tulit
845 2905 948 2961 mens?
1039 2911 1086 2960 260

181 3015 252 3054 nam
264 2995 359 3055 dubio
372 2996 475 3071 procu]
489 2995 532 3053 his
546 2996 632 3053 rebus
647 3014 699 3052 sua
713 2995 819 3070 cuique
833 2993 966 3050 voluntas

181 3086 359 3163 principium
373 3085 424 3145 dat
437 3095 466 3144 et
480 3085 548 3143 hinc
563 3096 658 3143 motus
672 3103 725 3160 per
738 3084 867 3142 membra
880 3083 1014 3157 rigantur.

181 3194 283 3235 nonne
294 3175 376 3234 vides
390 3176 478 3233 etiam
492 3175 643 3250 patefactis
657 3184 790 3250 tempore
805 3183 915 3249 puncto

182 3267 347 3324 carceribus
360 3284 421 3323 non
435 3284 522 3340 posse
537 3275 635 3323 tamen
649 3283 838 3340 prorumpere
853 3280 996 3338 equorum

182 3358 242 3414 vim
251 3355 390 3432 cupidam
404 3365 463 3413 tam
478 3354 517 3413 de
531 3356 626 3414 subito
642 3373 731 3429 quam
746 3373 829 3413 mens
842 3363 909 3411 avet
923 3353 1006 3428 ipsa?
1039 3359 1084 3422 2⁶5

184 3447 280 3505 omnis
295 3446 373 3505 enirn
388 3455 482 3504 totum
497 3463 549 3520 per
563 3464 669 3521 corpus
683 3446 812 3526 materiai

123 3642 157 3701 f·
185 3652 206 3711 2·-

128 3744 136 3767 f'

118 3770 138 3781 ’4,
171 3770 188 3797 'f'
