2498 3894
173 202 241 274 V1.]
412 204 468 256 DE
494 203 642 257 RERUM
668 203 840 259 NATURA
1011 209 1072 256 201

173 376 202 423 et
217 367 322 440 quibus
336 367 435 425 effiant
449 368 543 427 causis
558 378 679 444 apparet
692 369 774 446 origo
786 390 794 443 ;

173 459 260 516 ianua
273 477 311 516 ne
326 459 398 516 forte
414 459 457 517 his
472 459 542 518 Orci
556 461 722 535 regionibus
735 480 799 520 esse

172 548 315 620 credatur,
331 559 398 623 post
412 549 480 607 hinc
494 551 605 608 animas
619 552 792 610 Acheruntis
806 553 837 609 in
851 571 915 610 oras

173 639 281 696 ducere
296 640 369 696 forte
383 639 456 698 deos
469 641 563 698 manis
578 642 688 699 inferne
702 661 834 717 reamur&

172 730 289 787 naribus
303 729 432 804 alipedes
447 740 478 787 ut
492 731 570 787 cervi
584 750 672 805 saepe
687 742 824 806 putantur
1027 739 1073 804 765

172 819 281 876 ducere
296 818 333 876 de
349 820 463 878 latebris
477 823 623 894 serpentia
636 823 732 879 saecla
746 823 879 881 feramm.

172 909 253 984 quod
267 910 401 984 procula
415 927 483 966 vera
497 928 585 983 quam
600 912 635 968 sit
649 913 760 969 ratione
775 913 924 986 repulsum

171 1000 310 1076 percipe;
332 1019 399 1057 nam
415 999 453 1057 de
466 1019 497 1057 re
512 1019 591 1057 nunc
606 1002 669 1074 ipsa
682 1001 780 1059 dicere
795 1020 897 1061 conor.

213 1090 358 1164 Principio
374 1090 431 1147 hoc
446 1089 523 1160 dico,
539 1090 621 1164 quod
635 1090 694 1148 dixi
709 1109 796 1166 saepe
811 1109 929 1167 quoque
944 1102 1022 1165 ante,

170 1181 201 1238 in
215 1191 290 1238 terra
303 1181 443 1254 cuiusque
458 1180 540 1238 modi
554 1199 650 1238 rerum
664 1200 727 1239 esse
742 1182 866 1256 figuras3
972 1185 975 1191 ’
1028 1204 1077 1250 770

171 1271 271 1341 multa,
287 1270 355 1328 cibo
370 1289 445 1344 quae
460 1281 537 1343 sunt,
550 1271 656 1342 vitalia,
671 1272 830 1346 multaque,
845 1273 963 1331 morbos

172 1362 302 1418 incutere
318 1371 346 1418 et
360 1371 484 1418 mortem
499 1379 574 1434 quae
589 1362 702 1436 possint
715 1361 892 1421 adcelerare.

172 1461 202 1508 et
216 1451 309 1525 magis
323 1469 386 1508 esse
401 1451 461 1508 aliis
476 1451 544 1508 alias
559 1452 753 1509 animantibus
767 1461 850 1526 aptas

171 1558 218 1599 res
232 1541 270 1598 ad
283 1541 351 1597 vitai
365 1541 508 1598 rationem
522 1542 706 1600 ostendimus
720 1551 788 1599 ante

173 1641 293 1707 propter
308 1630 476 1689 dissimilem
491 1642 624 1689 naturam
638 1631 842 1707 dissimilisque
1030 1649 1075 1703 775

174 1732 301 1780 texturas
316 1722 390 1778 inter
404 1740 467 1779 sese
482 1723 647 1797 primasque
662 1724 774 1798 figuras.

173 1812 263 1870 multa
278 1823 376 1869 meant
390 1813 508 1869 inimica
521 1831 574 1887 per
587 1814 672 1887 auris,
688 1813 779 1870 multa
792 1831 845 1888 per
859 1813 936 1889 ipsas

173 1904 318 1961 insinuant
332 1904 407 1960 naris
423 1904 525 1962 infesta
539 1914 626 1978 atque
642 1923 746 1978 aspera
760 1904 846 1975 iactu,

172 2013 228 2052 nec
243 2003 311 2052 sunt
323 1994 414 2050 multa
427 2012 529 2068 parum
544 2005 624 2051 tactu
639 1993 757 2051 vitanda
771 2012 867 2069 neque
882 2004 979 2052 autem

172 2095 293 2160 aspectu
309 2083 447 2158 fugienda
461 2103 622 2158 saporeque
638 2085 729 2141 tristia
743 2102 818 2158 quae
833 2085 899 2142 sint.
1027 2091 1075 2150 780

214 2174 330 2232 Deinde
345 2173 443 2231 videre
458 2173 525 2230 licet
540 2192 627 2247 quam
641 2174 749 2230 multae
764 2174 820 2231 sint
835 2173 946 2231 homini
960 2192 1006 2232 res

172 2266 276 2322 acriter
290 2264 394 2320 infesto
410 2281 494 2320 sensu
510 2281 691 2337 spurcaeque
706 2281 885 2337 gravesque3

173 2354 322 2412 arboribus
337 2353 461 2427 primum
476 2353 561 2410 certis
574 2353 667 2426 gravis
681 2352 785 2409 umbra
798 2353 904 2409 tributa

173 2461 265 2517 usque
280 2442 367 2513 adeo,
382 2442 484 2516 capitis
499 2442 605 2500 faciant
619 2451 652 2499 ut
665 2459 753 2516 saepe
768 2441 894 2515 dolores

174 2534 262 2609 siquis
277 2552 326 2590 eas
340 2543 439 2607 supter
454 2532 540 2589 iacuit
555 2542 712 2606 prostratus
726 2531 756 2588 in
771 2531 877 2590 herbis.
1030 2539 1075 2603 ⁷85

174 2636 217 2682 est
232 2624 318 2682 etiam
335 2623 446 2698 magnis
462 2622 616 2680 Heliconis
630 2622 778 2679 montibus
792 2622 878 2680 arbos

173 2716 250 2774 floris
265 2715 356 2773 odore
371 2714 522 2771 hominem
537 2722 629 2771 taetro
644 2722 785 2771 consueta
798 2729 918 2771 necare.

174 2807 285 2864 scilicet
299 2805 372 2862 haec
387 2804 456 2861 ideo
470 2803 551 2862 terris
566 2822 602 2861 ex
616 2803 715 2862 omnia
728 2811 857 2878 surgunt,

174 2898 264 2955 multa
279 2895 374 2953 modis
389 2894 484 2952 multis
498 2895 652 2952 multarum
667 2893 779 2951 semina
792 2911 889 2951 rerum

175 2986 256 3061 quod
270 2987 412 3060 permixta
424 2985 497 3060 gerit
511 2985 595 3042 tellus
609 2983 792 3058 discretaque
808 2983 904 3041 tradit.
995 3035 997 3041 .
1029 3000 1077 3054 790

174 3087 407 3150 noctumumque
422 3093 524 3133 reeens
538 3075 697 3132 extinctum
711 3074 812 3131 lumen
825 3074 876 3132 ubi
890 3071 949 3131 acri

175 3167 277 3225 nidore
293 3165 415 3223 offendit
428 3183 521 3236 nares,
536 3165 672 3239 consopit
686 3163 808 3235 ibidem,

175 3256 332 3315 concidere
347 3267 377 3314 et
390 3274 508 3331 spumas
522 3256 572 3329 qui
587 3256 690 3314 morbo
705 3255 820 3312 mittere
835 3253 937 3312 suevit

176 3358 367 3421 castoreoque
381 3347 460 3420 gravi
474 3346 576 3402 mulier
589 3347 685 3421 sopita
698 3343 844 3403 recumbit

177 3447 207 3496 et
220 3437 353 3495 manibus
367 3435 491 3494 nitidum
505 3435 611 3494 teneris
625 3452 699 3511 opus
714 3433 806 3493 effluit
820 3433 856 3504 ei,
1029 3449 1076 3506 795
