2498 3894
35 2548 39 2555 -
119 2512 255 2571 dilaniata
268 2513 344 2570 foras
359 2512 539 2588 dispargitur,
554 2515 650 2571 interit
664 2532 743 2588 ergo,

125 185 195 258 ru]
359 150 418 240 ne
444 189 591 242 RERUM
617 190 790 245 NATURA
986 179 1026 258 83

122 353 302 404 commutare
317 345 447 404 animum
461 348 640 422 quicumque
654 348 784 408 adoritur
798 359 827 408 et
840 351 903 409 infit
976 370 1024 425 515

121 444 172 493 aut
185 437 269 494 aliam
285 438 416 511 quamvis
429 447 561 495 naturam
576 440 691 496 flectere
706 441 837 514 quaerit3

121 534 151 583 at
161 544 257 601 neque
272 528 416 584 transferri
429 519 484 585 'sibi
498 529 586 602 partis
600 548 656 586 nec
671 530 756 588 tribui
771 531 831 589 vult

121 616 273 674 inmortale
288 617 369 691 quod
384 628 427 675 est
441 618 598 692 quicquam
613 638 709 694 neque
725 620 852 680 defluere
867 623 966 682 hilum.

120 725 189 764 narn
204 706 413 782 quodcumque
427 709 485 766 suis
500 718 642 766 mutatum
657 711 762 769 finibus
777 714 844 786 exit,

121 797 261 854 continuo
276 797 333 855 hoc
348 816 427 856 mors
442 807 486 855 est
500 799 573 856 illius
587 800 668 874 quod
683 802 735 858 fuit
749 813 827 862 ante.
977 821 1026 874 5²0

121 905 190 962 ergo
204 889 318 946 animus
333 889 392 946 sive
406 890 557 964 aegrescit,
573 892 704 949 mortalia
718 893 799 967 signa

120 978 216 1050 mittit,
231 978 273 1035 uti
287 978 384 1050 docui,
400 997 452 1036 seu
467 979 591 1038 flectitur
604 1000 621 1037 a
636 981 792 1041 medicina.
842 986 843 990 ’

120 1087 212 1143 usque
227 1069 303 1128 adeo
318 1070 405 1126 falsae
419 1071 523 1128 rationi
536 1089 604 1128 vera
617 1072 732 1130 videtur

119 1177 165 1217 res
179 1177 331 1217 occurrere
346 1169 375 1216 et
389 1159 527 1235 effugium
542 1162 730 1240 praecludere
746 1163 827 1221 eunti

119 1250 297 1324 ancipitique
311 1251 434 1308 refutatu
449 1253 623 1309 convincere
639 1253 751 1311 falsum.
976 1272 1022 1325 5²5

159 1341 296 1414 Denique
311 1359 398 1416 saepe
413 1341 561 1399 hominem
577 1343 717 1416 paulatim
731 1344 876 1401 cernimus
892 1345 933 1401 ire

120 1438 150 1488 et
164 1431 346 1489 membratim
359 1432 475 1489 vitalem
490 1431 651 1506 deperdere
667 1451 804 1505 sensum3

120 1519 150 1577 in
164 1519 288 1594 pedibus
301 1521 426 1595 primum
441 1521 547 1596 digitos
562 1523 698 1580 livescere
714 1533 743 1581 et
757 1523 871 1597 unguis,

65 1670 71 1679 ,
119 1609 189 1668 inde
202 1610 295 1686 pedes
309 1620 339 1668 et
353 1631 435 1669 crura
450 1613 531 1682 mori,
547 1623 614 1688 post
628 1613 697 1671 inde
711 1631 765 1688 per
778 1623 855 1671 artus

119 1701 160 1758 ire
173 1701 244 1759 alios
258 1703 372 1758 tractim
386 1701 474 1777 gelidi
488 1704 607 1778 vestigia
621 1703 679 1761 leti.
976 1724 1024 1775 530

120 1790 261 1849 scinditur
275 1792 354 1866 itque
369 1793 483 1850 animae
498 1764 555 1850 hdo
571 1794 709 1868 quoniam
724 1803 827 1852 natura
840 1812 896 1851 nec
911 1813 970 1852 uno
1035 1828 1039 1835 ,

118 1891 251 1957 tempore
266 1883 379 1940 sincera
393 1883 497 1953 existit,
513 1884 640 1940 mortalis
655 1883 825 1942 habendast.

120 1972 200 2046 quod
215 1973 238 2030 si
252 1972 325 2029 forte
336 1982 420 2047 putas
434 1973 528 2048 ipsam
543 1991 574 2030 se
588 1991 675 2048 posse
690 1991 743 2047 per
757 1983 833 2031 artus
857 1993 860 1999 ·

119 2063 260 2120 introsum
274 2063 387 2120 trahere
402 2072 432 2121 et
446 2064 533 2137 partis
548 2063 715 2121 conducere
730 2065 759 2121 in
774 2083 865 2120 unum

118 2162 206 2227 atque
220 2151 289 2210 ideo
304 2153 417 2210 cunctis
431 2171 549 2210 sensum
564 2152 711 2211 deducere
726 2155 873 2226 membru,
974 2173 1005 2225 53
1008 2173 1022 2226 5

118 2251 148 2300 at
161 2243 243 2300 locus
257 2242 303 2299 isse
318 2252 426 2313 tamen,
441 2260 501 2316 quo
516 2243 602 2317 copia
616 2252 696 2300 tanta
710 2244 818 2301 animai

119 2333 239 2408 cogitur,
254 2332 385 2390 insensu
400 2331 489 2390 debet
504 2334 612 2390 maiore
625 2333 736 2406 videri3

119 2424 169 2497 qui
183 2423 323 2513 quopiam
337 2432 516 2496 nusquamst,
531 2424 667 2481 nimirum
682 2434 714 2481 ut
729 2423 853 2482 diximus
868 2433 945 2495 ante,
1027 2420 1030 2425 ’

118 2603 190 2678 quin
204 2603 292 2660 etiam
305 2603 330 2660 si
344 2603 401 2660 iam
415 2603 503 2660 libeat
517 2603 682 2661 concedere
697 2603 800 2660 falsum
839 2578 851 2616 ς’
975 2623 1023 2675 54ο

118 2702 148 2751 et
162 2691 231 2750 dare
245 2711 332 2768 posse
347 2694 474 2750 animam
488 2694 641 2768 glomerari
655 2695 684 2751 in
699 2711 822 2768 corpore
837 2711 949 2764 eorum,

118 2782 228 2840 lumina
241 2783 291 2856 qui
304 2783 416 2840 lincunt
429 2783 595 2841 moribundi
610 2783 812 2858 particulatim,

118 2872 270 2929 mortalem
284 2882 382 2930 tamen
396 2891 459 2930 esse
474 2874 601 2931 animam
615 2874 722 2931 fateare
736 2890 866 2945 necesse,

118 2980 176 3020 nec
190 2962 275 3020 refert
289 2972 384 3020 utrum
399 2972 499 3038 pereat
513 2963 643 3037 dispersa
657 2981 710 3038 per
723 2982 806 3022 auras

118 3069 158 3110 an
171 3061 322 3110 contracta
335 3053 393 3110 suis
407 3071 423 3110 e
437 3053 566 3128 partibus
581 3054 775 3125 obbrutescat,
976 3072 1023 3123 545

120 3139 239 3215 quando
253 3141 403 3201 hominem
414 3152 509 3200 totum
523 3143 615 3218 magis
629 3161 664 3199 ac
678 3144 769 3218 magis
780 3141 911 3217 undique
923 3161 1025 3200 sensus

48 3227 50 3236 '
119 3231 220 3290 deficit
232 3241 263 3290 et
275 3232 351 3290 vitae
365 3234 461 3290 rninus
476 3242 505 3290 et
519 3233 613 3290 minus
628 3226 869 3309 undiquerest'at.

160 3323 199 3381 Et
213 3323 352 3396 quoniam
367 3341 451 3381 mens
465 3332 509 3381 est
523 3323 648 3381 hominis
662 3341 728 3397 pars
743 3341 810 3394 una,
825 3322 892 3380 loco
908 3339 984 3396 quae

118 3412 178 3470 lixa
190 3421 290 3472 manet
302 3420 392 3485 cert0,
406 3414 485 3472 velut
498 3431 582 3472 aures
596 3423 684 3488 atque
700 3413 777 3472 oculi
791 3421 857 3471 sunt

1006 2470 1143 2516 1,,
