2498 3894
191 180 226 252 1.]
426 181 481 232 na
507 141 654 232 aarum
676 177 850 230 NATURA
1052 174 1108 240 27·

189 360 264 418 quae
279 360 348 399 cum
362 341 537 411 confluxere,
552 348 653 397 creant
666 337 804 397 incendia
816 337 902 397 silvis.

190 432 308 507 quod'
286 451 310 490 s1
324 433 400 489 facta
413 432 487 488 soret
501 431 577 488 silvis
592 429 766 488 abscondita
780 429 904 502 flamma,
1132 500 1141 523 Ι

189 541 249 580 non
264 532 385 597 possent
374 522 488 578 tullum
503 506 619 594 tempus
634 520 775 577 celarier
767 537 864 594 ignes·
1045 536 1092 590 905
1129 524 1132 531 '

190 614 369 670 conficerent
383 612 469 686 volgo
484 611 576 680 silvas,
592 611 689 668 arbust
678 620 708 667 ta
722 618 894 669 cremarent.

190 703 285 759 iamne
299 701 382 760 vides
397 702 489 777 igitur,
505 701 592 775 paulo
608 699 689 775 quod
704 701 829 759 diximus
843 709 920 771 ante,

189 793 341 868 permagni
354 793 458 850 referre
474 790 579 849 eadem
594 792 752 866 primordia
766 783 884 866 saepe*-
989 781 1002 843 ‘33
1027 794 1030 801 '
1058 782 1064 795 ‘

191 902 257 940 cum
272 883 376 957 quibus
391 892 421 941 et
435 882 514 957 quali
528 883 658 957 positura
673 883 876 941 contineantur

190 983 220 1031 et
234 992 308 1048 quos
323 974 397 1030 inter
410 991 441 1031 se
457 973 528 1031 dent
543 983 639 1032 motus
654 974 809 1048 accipiant(
810 989 870 1046 lue3
1046 989 1096 1041 910

75 1063 399 1197 Qadem
412 1065 523 1139 paulo
516 1075 590 1122 mter
605 1083 635 1123 se
651 1074 761 1122 mutata
775 1080 872 1120 creare

190 1173 272 1229 ignes
287 1164 316 1211 et
330 1148 543 1257 lignumquuo
558 1165 646 1231 pacto
661 1135 749 1212 verba
763 1170 881 1227 quoque
897 1151 959 1225 ipsa
1003 1200 1008 1211 ,

191 1245 265 1301 inter
278 1262 309 1301 se
324 1245 412 1320 paulo
426 1255 520 1303 mutat
521 1246 544 1304 is
558 1255 625 1303 sunt
639 1245 798 1315 elementis,
869 1308 887 1337 s·

191 1354 258 1392 cum
273 1335 351 1410 ligna
364 1345 452 1410 atque
465 1336 546 1411 ignes
561 1335 697 1393 distincta
712 1354 784 1393 voce
800 1338 945 1392 notemus

191 1425 342 1507 denique
335 1445 392 1484 ram
428 1445 631 1501 uaecumque
621 1427 651 1484 in
665 1427 751 1484 rebus
766 1425 859 1482 cernis
874 1423 980 1498 apertis
1047 1444 1077 1495 9¹
1081 1440 1095 1493 5

191 1535 215 1573 sr
207 1508 290 1573 fieri
305 1535 365 1574 non
380 1444 439 1591 p}
436 1536 466 1574 se
481 1527 576 1592 putas
592 1487 663 1591 qiiin
677 1517 806 1573 materiai

191 1590 319 1681 corpora'
329 1607 537 1665 consimilit
487 1617 537 1664 nat
537 1626 588 1664 ura
602 1607 733 1683 praedita
746 1607 847 1681 fingas,

191 1695 247 1753 hac
260 1697 372 1754 ratione
387 1698 439 1755 tibi
453 1707 577 1772 pereunt
591 1696 749 1773 primordia
762 1715 877 1754 rerum·
865 1741 878 1797 Ι

191 1787 242 1844 fiet
256 1787 298 1844 uti
311 1788 368 1844 risu
383 1789 506 1845 tremulo
521 1807 666 1846 concussa
680 1787 858 1844 cachinnent

191 1887 222 1934 et
234 1878 358 1934 lacrimis
373 1879 453 1935 salsis
468 1888 618 1936 umectent
632 1897 683 1936 ora
697 1895 854 1952 genasque.
1049 1896 1098 1947 920

232 1968 322 2025 Nunc
335 1987 389 2043 age
404 1968 486 2042 quod
501 1978 631 2043 superest
647 1986 793 2043 cognosce
809 1978 839 2026 et
853 1967 955 2024 clarius
969 1966 1047 2024 audi.

191 2076 248 2115 nec
262 2076 310 2115 me
325 2059 414 2115 animi
429 2059 499 2116 fallit
513 2078 602 2133 quam
617 2059 673 2117 sint
688 2059 831 2131 obscura;
853 2056 906 2116 sed
920 2057 979 2115 acri

193 2149 335 2224 percussit
350 2147 448 2224 thyrso
463 2149 557 2207 laudis
572 2168 637 2224 spes
654 2168 760 2251 magna
775 2168 873 2206 meum
889 2166 940 2205 cor

250 2239 341 2295 imul'
334 2240 455 2297 incussit
469 2258 589 2298 suavem
605 2241 644 2297 mi
660 2241 689 2297 in
704 2249 807 2314 pectus
821 2256 951 2296 amorem

259 2346 350 2399 arum,
365 2310 425 2402 (Ῑῖἷὸ
440 2349 519 2387 nunc
534 2331 686 2388 instinctus
701 2342 799 2387 mente
813 2328 921 2404 vigenti
1049 2345 1096 2399 925
1195 2372 1198 2377 -

193 2421 257 2479 avia
272 2419 418 2478 Pieridum
434 2439 555 2496 peragro
571 2422 637 2479 loca
650 2421 754 2479 nullius
769 2431 836 2478 ante

193 2514 258 2570 trita
272 2511 344 2572 solo.
361 2512 439 2569 iuvat
453 2512 579 2586 integros
594 2511 736 2568 accedere
751 2512 838 2568 fontis

193 2613 281 2680 atque
296 2604 419 2671 haurire,
434 2602 569 2677 iuvatque
583 2621 676 2660 novos
691 2601 848 2676 decerpere
864 2601 947 2659 flores
1099 2668 1103 2675 .
1122 2617 1125 2625 ·
1146 2615 1152 2639 -’

194 2696 396 2770 insignemque
411 2711 480 2750 meo
494 2693 583 2768 capiti
596 2703 696 2768 petere
710 2692 779 2750 inde
794 2711 934 2750 coronam

192 2785 272 2844 unde
287 2786 366 2861 prius
379 2784 449 2841 nulli
464 2783 583 2841 velarint
598 2793 732 2858 tempora
745 2801 865 2855 musae;
961 2812 964 2820 ·

193 2876 320 2950 primum
334 2873 417 2951 quod
431 2874 543 2948 magnis
558 2873 653 2932 doceo
667 2873 705 2930 de
721 2873 806 2930 rebus
821 2882 850 2929 et
864 2874 931 2931 artis

194 2966 368 3041 religionum
383 2964 514 3022 animum
528 2963 615 3022 nodis
630 2964 776 3021 exsolvere
791 2981 891 3038 perg0,

194 3055 304 3114 deinde
319 3055 401 3131 quod
415 3055 540 3112 obscura
553 3053 590 3111 de
605 3071 635 3110 re
650 3063 709 3111 tam
724 3052 822 3110 lucida
835 3071 932 3128 pango

194 3146 332 3218 carmina,
347 3162 468 3203 musaeo
484 3144 656 3218 contingens
671 3153 776 3200 cuncta
790 3144 898 3218 lepore.

194 3235 227 3294 id
241 3254 360 3311 quoque
376 3235 455 3292 enim
469 3252 530 3292 non
544 3234 581 3292 ab
595 3234 672 3291 nulla
686 3234 797 3291 ratione
811 3232 945 3307 videtur;

195 3325 249 3384 sed
262 3326 351 3384 veluti
365 3325 462 3400 pueris
478 3323 621 3382 absinthia
634 3333 725 3381 taetra
739 3323 892 3381 medentes

196 3434 264 3474 cum
280 3415 349 3474 dare
364 3424 515 3485 conantur,
530 3414 608 3487 prius
623 3433 686 3472 oras
701 3414 808 3490 pocula
822 3414 947 3471 circum.

111 3616 153 3697 ᾗ
194 3572 419 3692 stuwi,-
479 3532 921 3647 flmmffl.
