2498 3894
174 196 228 266 ll.]
412 195 466 247 DE
495 194 640 247 RERUM
668 193 839 246 NATURA
1034 194 1077 259 49

171 358 288 416 naribus
303 359 417 417 auribus
432 368 519 432 atque
534 359 627 416 oculis
641 359 757 432 orisque
772 357 879 432 sapori.

172 466 248 523 quae
262 450 400 524 quoniam
416 467 476 506 non
490 459 566 518 sunt,
582 448 634 506 sed
647 450 735 506 iebus
749 448 865 506 reddita
879 457 958 505 certa

172 539 237 596 finis
251 541 396 614 utrimque
410 550 490 597 tenet
505 558 658 609 summam,
674 540 781 596 fateare
795 549 943 596 necessest

172 629 323 687 materiem
337 648 456 704 quoque
471 630 558 687 finitis
572 610 686 687 differfe
702 630 808 704 figuris

173 719 301 794 denique
315 720 353 778 ab
367 721 481 795 ignibus
495 719 534 776 ad
548 718 658 794 gelidas
673 720 727 777 iter
741 737 833 794 usque
848 720 965 794 pruinas
1027 735 1073 787 515

174 810 317 866 finitumst
331 819 466 884 retroque
481 810 542 884 pari
557 810 668 866 ratione
683 818 896 880 remensumst3

102 946 113 979 t.
173 900 269 957 omnis
282 900 361 956 enim
376 901 454 957 calor
467 918 503 956 ac
517 900 612 975 frigus,
628 899 776 973 mediique
790 909 907 973 tepores

173 970 383 1101 inteprtrasque
398 991 495 1047 iacent
509 991 660 1064 explentes
675 989 777 1047 ordine
792 1008 945 1047 summam.

174 1098 245 1155 ergo
259 1081 341 1137 finita
353 1080 461 1137 distant
474 1081 585 1137 ratione
600 1089 705 1151 creata,

174 1171 295 1245 ancipiti
310 1171 449 1244 quoniam
465 1170 598 1228 mucroni
614 1171 759 1244 utrimque
774 1179 921 1240 notantur,
1034 1187 1082 1238 520

174 1261 244 1318 hinc
259 1260 382 1318 flammis
396 1261 473 1317 illinc
486 1260 585 1336 rigidis
599 1261 702 1318 infesta
716 1260 834 1335 pruinis.

217 1350 308 1424 Quod
322 1351 463 1425 quoniam
477 1351 575 1421 docui,
590 1369 709 1426 pergam
724 1360 880 1407 conectere
895 1368 957 1407 rem
971 1366 1048 1424 quae

175 1461 213 1500 ex
226 1441 284 1500 hoc
298 1451 368 1515 apta
380 1441 470 1498 fidem
485 1441 582 1512 ducat,
599 1440 758 1516 primordia
772 1459 878 1512 rerum,

175 1535 251 1591 inter
264 1550 296 1590 se
312 1532 396 1589 simili
410 1550 484 1607 quae
499 1542 566 1589 sunt
580 1533 713 1606 perfecta
727 1532 827 1605 figura,
1001 1604 1003 1608 Α

176 1624 290 1682 infinita
304 1623 410 1680 cluere.
434 1623 541 1680 etenim
557 1621 693 1679 distantia
707 1640 776 1678 cum
791 1622 828 1679 sit
1036 1638 1083 1689 5²5

176 1715 334 1772 formarum
343 1713 432 1783 finita,
448 1731 569 1770 necesse
585 1721 628 1770 est
643 1730 718 1787 quae
734 1712 840 1770 similes
856 1712 913 1770 sint

177 1823 241 1862 esse
256 1805 383 1861 infinitas
398 1812 448 1860 aut
462 1821 606 1860 summam
620 1803 751 1859 materiai

178 1895 290 1952 finitam
305 1903 447 1964 constare,
463 1892 493 1950 id
508 1892 590 1967 quod
606 1911 667 1950 non
683 1910 746 1950 esse
761 1891 883 1966 probavi

178 1985 308 2042 versibus
322 1982 482 2043 ostendens
497 1983 670 2057 corpuscula
684 1983 815 2040 materiai

180 2092 217 2132 ex
231 2075 345 2132 infinito
361 2093 506 2132 summam
521 2091 616 2130 rerum
631 2090 724 2147 usque
739 2081 849 2143 tenere,
1038 2089 1086 2140 530

179 2164 311 2239 undique
325 2164 439 2239 protelo
453 2164 603 2238 plagarum
618 2163 798 2220 continuato.

180 2273 249 2312 nam
264 2255 346 2329 quod
360 2273 422 2312 rara
436 2254 518 2312 vides
534 2255 624 2329 magis
639 2272 702 2311 esse
718 2253 853 2310 animalia
867 2249 1012 2326 quaedam

182 2344 398 2418 secundamque
413 2345 509 2403 minus
524 2355 656 2402 naturam
672 2343 766 2400 cernis
781 2343 887 2413 inillis,

182 2445 212 2492 at
225 2436 343 2510 regione
358 2435 484 2509 locoque
499 2436 554 2493 alio
571 2435 711 2508 terrisque
725 2432 845 2490 remotis

184 2526 273 2582 multa
286 2525 353 2582 licet
367 2543 474 2599 genere
489 2543 552 2583 esse
568 2526 598 2582 in
614 2543 652 2582 eo
666 2538 880 2596 numerumque
894 2521 1016 2596 repleri;
1039 2538 1085 2591 535

183 2616 258 2673 sicut
272 2614 484 2689 quadripedum
500 2633 568 2672 cum
583 2615 681 2690 primis
696 2631 760 2670 esse
774 2611 907 2669 videmus

183 2706 213 2763 in
227 2722 334 2779 genere
348 2705 540 2779 anguimanus
554 2705 736 2781 elephantos
753 2702 839 2761 India
853 2719 977 2776 quorum

183 2795 299 2853 milibus
314 2812 330 2852 e
345 2795 441 2853 multis
454 2796 529 2853 vallo
544 2797 673 2853 munitur
686 2796 807 2865 eburno

184 2895 217 2943 ut
229 2885 345 2960 penitus
359 2895 485 2960 nequeat
498 2885 661 2960 penetrari:
684 2894 764 2942 tanta
778 2885 902 2942 feramm

184 2975 227 3033 vis
242 2984 294 3045 est,
309 2992 431 3048 quarum
446 2993 500 3033 nos
515 2994 662 3051 perpauca
676 2975 810 3048 exempla
822 2973 965 3031 videmus.
1041 2987 1089 3041 540

185 3065 239 3123 sed
253 3074 353 3122 tamen
367 3064 398 3122 id
412 3082 531 3140 quoque
545 3066 588 3123 uti
603 3065 776 3136 concedam,
793 3064 962 3138 quamlubet
977 3071 1041 3120 esto

185 3154 273 3213 unica
286 3173 332 3213 res
346 3156 492 3231 quaedam
506 3157 603 3213 nativo
617 3173 740 3229 corpore
755 3154 824 3224 sola,

186 3246 235 3304 cui
249 3246 348 3303 similis
362 3255 426 3304 toto
441 3256 578 3304 terrarum
592 3246 671 3304 nulla
684 3246 720 3304 sit
734 3245 816 3317 orbi;

186 3335 301 3394 infinita
313 3344 412 3393 tamen
425 3336 481 3394 nisi
495 3337 548 3394 erit
560 3337 603 3395 vis
617 3335 748 3394 materiai

187 3424 268 3485 unde
282 3443 318 3484 ea
331 3426 462 3502 progigni
476 3427 569 3502 possit
582 3437 735 3501 concepta,
750 3423 842 3482 creari

628 3539 644 3585 4

59 3648 331 3733 ²sl(.r‘.·.:.
386 3670 406 3697 =··
474 3660 478 3671 ’
