2498 3894
134 188 189 259 11.]
373 190 428 243 or:
454 189 602 244 RERUM
629 191 803 246 NATURA

131 351 277 409 cemimus
291 351 411 410 alituum
424 352 590 426 vermisque
605 351 752 425 effervere,
767 361 872 412 terram

131 440 350 516 intempestivos
364 461 455 516 quom
469 452 557 517 putor
570 443 649 516 cepit
664 443 703 500 ob
717 444 826 514 imbris,

130 531 204 588 scire
217 531 286 589 licet
299 533 378 608 gigni
391 550 478 607 posse
493 551 530 590 ex
542 551 605 590 non
620 534 747 591 sensibu’
762 551 872 591 sensus.

171 619 263 694 Quod
276 621 301 680 si
314 623 387 680 forte
402 623 504 696 aliquis
518 622 599 680 dicet
612 621 765 679 dumtaxat
779 624 847 681 oriri
911 651 915 661 ¹

129 729 250 786 possea
262 730 323 769 non
337 730 424 769 sensu
438 731 557 770 sensum
571 712 772 783 mutabilitate,

130 810 180 858 aut
193 802 291 876 aliquo
305 812 455 876 tamquam
468 812 552 877 partu
568 802 650 876 quod
663 803 797 877 proditus
812 813 900 873 extet,

130 891 199 949 huic
213 893 281 950 satis
294 891 366 949 illud
379 893 434 950 erit
446 892 567 967 planum
581 893 676 950 facere
691 903 779 967 atque
793 894 917 968 probare

130 1000 191 1040 non
204 982 267 1040 ficri
280 992 397 1058 partum
410 982 467 1040 nisi
482 983 609 1041 concilio
623 994 691 1041 ante
706 994 811 1042 coacto

130 1090 359 1147 necquicquam
373 1073 548 1131 commutari
562 1074 624 1131 sine
638 1075 804 1132 conciliatu.

130 1163 274 1237 principio
288 1172 440 1238 nequeunt
453 1164 537 1222 ullius
551 1164 681 1239 corporis
696 1182 758 1221 esse

130 1271 231 1312 sensus
244 1263 312 1311 ante
326 1254 421 1329 ipsam
435 1257 564 1330 genitam
578 1263 710 1312 naturam
725 1255 888 1325 animantia,

130 1344 266 1401 nimirum
280 1345 350 1418 quia
362 1345 497 1402 materies
512 1344 635 1402 disiecta
648 1354 763 1402 tenetur

130 1434 196 1491 aere
210 1433 377 1493 fluminibus
391 1435 472 1492 terris
486 1444 620 1509 terraque
634 1435 747 1506 creatis,

129 1541 186 1581 nec
199 1542 358 1600 congressa
370 1524 463 1583 modo
477 1525 569 1583 vitalis
583 1526 771 1582 convenienti

130 1615 252 1673 contulit
265 1615 342 1673 inter
355 1634 387 1674 se
401 1625 508 1687 motus,
524 1616 630 1690 quibus
645 1616 842 1674 omnituentes

129 1705 246 1763 accensi
260 1723 362 1764 sensus
376 1705 524 1763 animante
539 1707 571 1764 in
585 1723 703 1780 quaque
718 1707 839 1764 cientur,

170 1797 323 1853 Praeterea
336 1797 468 1871 quamvis
482 1790 660 1854 animantem
675 1797 812 1871 grandior
826 1798 909 1861 ictus.

130 1903 218 1960 quam
231 1886 339 1961 patitur
352 1897 463 1957 natura,
478 1896 599 1961 repente
613 1887 724 1962 adfligit
738 1897 768 1944 et
779 1889 873 1945 omnis

42 1969 46 1973 ’
130 1976 259 2050 corporis
273 1986 362 2051 atque
376 1977 466 2034 animi
480 1977 575 2052 pergit
588 1977 769 2035 confundere
784 1995 895 2036 sensus.

130 2065 328 2124 dissoluuntur
341 2067 421 2124 enim
434 2068 580 2142 positurae
595 2068 805 2142 principiorum

131 2164 160 2213 et
173 2157 290 2231 penitus
304 2167 402 2215 motus
415 2158 517 2215 vitales
532 2156 730 2232 inpediuntur,

130 2244 228 2304 donec
241 2248 385 2318 materies,
400 2249 497 2305 omnis
512 2266 657 2305 concussa
670 2266 723 2322 per
737 2257 824 2320 artus,

130 2337 222 2395 vitalis
236 2338 350 2396 animae
365 2337 460 2395 nodos
475 2356 493 2395 a
506 2356 630 2412 corpore
645 2339 730 2395 solvit

131 2426 351 2503 dispersamque
366 2429 442 2485 foras
456 2446 509 2501 per
523 2427 620 2484 caulas
636 2428 721 2485 eiecit
735 2428 839 2486 omnis.

130 2536 200 2575 nam
215 2517 287 2592 quid
300 2527 450 2593 praeterea
465 2518 559 2575 facere
574 2518 665 2575 ictum
679 2536 765 2592 posse
777 2537 892 2576 reamur

131 2608 271 2679 oblatum,
286 2609 341 2666 nisi
355 2608 501 2667 discutere
515 2626 551 2665 ac
566 2607 723 2665 dissolvere
738 2611 894 2682 quaeque?

130 2699 164 2756 fit
178 2717 297 2774 quoque
312 2700 355 2756 uti
369 2700 482 2757 soleant
495 2699 591 2756 minus
606 2699 704 2756 oblato
720 2699 823 2756 acriter
837 2700 896 2757 ictu

130 2789 234 2864 reliqiii
248 2799 345 2847 motus
358 2790 451 2847 vitalis
464 2791 582 2847 vincere
597 2806 696 2863 saepe,

130 2880 257 2951 vincere,
272 2889 302 2937 et
316 2880 440 2977 ingentis
454 2881 556 2954 plagae
572 2878 673 2937 sedare
689 2879 829 2936 tumultus

131 2970 222 3044 inque
236 2989 304 3027 suos
318 2969 459 3044 quicquid
473 2988 568 3027 rursus
583 2987 720 3027 revocare
736 2978 848 3027 meatus

132 3069 162 3118 et
176 3061 258 3135 quasi
272 3061 329 3117 iam
344 3060 394 3116 leti
409 3058 610 3117 dominantem
625 3061 656 3117 in
670 3078 793 3135 corpore
808 3069 923 3117 motum

131 3149 278 3208 discutere
292 3168 327 3207 ac
342 3168 437 3224 paene
453 3151 573 3207 amissos
589 3149 751 3207 accendere
766 3168 876 3208 sensus.

131 3258 201 3298 nam
216 3258 274 3315 qua
286 3258 317 3297 re
332 3241 429 3315 potius
443 3241 491 3297 leti
506 3241 564 3296 iarn
578 3240 677 3297 limine
692 3241 729 3298 ab
745 3240 809 3315 ipso

132 3329 274 3389 advitam
288 3330 381 3407 possit
394 3330 529 3387 conlecta
543 3340 641 3386 mente
656 3332 769 3405 reuerti,

132 3439 296 3496 quamquo
311 3419 466 3478 decursum
480 3437 572 3494 prope
588 3420 646 3477 iam
658 3420 712 3477 siet
727 3421 766 3477 ire
781 3429 811 3477 et
824 3418 926 3478 abire?
