2498 3894
146 207 213 278 ru]
387 205 442 258 DE
469 203 616 257 aarum
643 185 814 257 unrunn
990 206 1050 271 109

144 377 174 427 et
188 388 256 426 cum
269 368 351 427 laeva
364 367 434 427 data
448 377 500 440 est,
515 368 547 427 fit
562 387 661 427 rusum
675 378 707 426 ut
721 367 841 426 dextera
854 368 914 440 fiat,

143 459 212 517 inde
226 469 302 518 retro
316 478 429 516 rursum
442 459 518 517 redit
532 469 561 516 et
575 461 751 516 convertitur
764 458 880 516 eodem.
1001 478 1050 528 310

144 551 216 624 quin
230 550 317 607 etiarn
332 568 535 624 quaecumque
550 550 690 607 latuscula
704 561 771 606 sunt
785 549 971 624 speculorum

143 639 267 697 adsimili
281 640 377 697 lateris
391 640 500 697 flexura
514 639 646 714 praedita
659 641 758 711 nostri,
1020 633 1043 679 s

144 729 264 787 dextera
277 748 312 787 ea
326 739 445 805 propter
459 730 543 787 nobis
558 731 710 786 simulacra
723 730 882 800 remittunt,
1021 704 1028 740 l

58 868 63 875 .
144 831 194 877 aut
208 820 276 894 quia
289 819 327 876 de
342 821 462 894 speculo
478 821 508 877 in
523 820 674 894 speculum
689 820 856 877 transfertur
870 820 977 894 imago,

143 909 213 968 inde
227 910 266 967 ad
280 929 334 968 nos
349 912 420 967 elisa
433 911 476 968 bis
491 909 616 980 advolat,
631 919 680 966 aut
695 911 782 967 etiam
797 908 879 985 quod
1000 927 1049 979 3¹5

144 1001 254 1058 circum
268 1001 368 1075 agitur,
384 1019 453 1057 cum
467 1001 554 1071 venit,
570 1001 666 1074 imago
681 1010 835 1074 propterea
849 998 931 1074 quod

144 1091 219 1148 flexa
233 1092 324 1165 figura
338 1090 426 1148 docet
441 1091 551 1165 speculi
567 1092 730 1147 convertier
743 1089 781 1148 ad
795 1109 860 1148 nos·

144 1180 298 1256 indugredi
312 1199 399 1256 porro
413 1182 520 1255 pariter
534 1181 685 1238 simulacra
699 1181 867 1255 pedemque

144 1289 255 1346 ponere
269 1272 424 1330 nobiscum
439 1270 542 1328 credas
557 1282 730 1346 gestumque
745 1271 851 1328 imitari

144 1371 302 1436 propterea
315 1362 393 1436 quia,
409 1361 447 1418 de
462 1362 573 1436 speculi
588 1380 647 1436 qua
661 1372 742 1436 parte
757 1361 888 1432 recedas,
1003 1380 1051 1430 320

145 1453 287 1510 continuo
301 1461 453 1526 nequeunt
467 1453 544 1509 illinc
559 1452 712 1509 simulacra
725 1453 848 1523 reverti;

144 1544 245 1602 omnia
258 1542 500 1617 quandoquidem
515 1543 595 1616 cogit
608 1544 711 1599 natura
725 1543 824 1599 referri

145 1651 181 1692 ac
194 1634 300 1692 resilire
315 1633 352 1691 ab
367 1634 453 1691 rebus
468 1631 507 1689 ad
521 1651 631 1707 aequos
646 1632 762 1689 reddita
776 1633 876 1690 flexus

185 1722 345 1798 Splendida
358 1741 445 1798 porro
460 1724 537 1780 oculi
552 1724 673 1797 fugitant
686 1724 836 1798 vitantque
851 1723 933 1782 tueri.

92 1858 95 1864 .
145 1815 189 1872 sol
202 1815 289 1871 etiam
304 1823 414 1884 caecat,
430 1822 532 1870 contra
546 1814 569 1870 si
583 1811 704 1870 tendere
719 1832 831 1888 pergas

145 1913 301 1979 propterea
314 1904 384 1978 quia
396 1904 439 1961 vis
453 1913 584 1978 magnast
598 1904 687 1978 ipsius
702 1913 730 1960 et
745 1904 801 1962 alte

146 1999 213 2054 aera
225 2013 279 2069 per
291 2012 396 2070 purum
411 1995 534 2068 graviter
548 1994 700 2051 simulacra
714 1995 843 2071 fenrntur

146 2094 176 2142 et
189 2085 294 2143 feriunt
306 2086 409 2142 oeulos
424 2085 568 2142 turbantia
582 2086 803 2159 composituras.
822 2076 826 2085 ’

146 2185 295 2250 praeterea
309 2174 448 2250 splendor
461 2175 638 2249 quicumque
654 2185 698 2232 est
711 2193 778 2233 acer
792 2174 887 2232 adurit
1087 2238 1091 2245 ,

146 2283 234 2341 saepe
248 2266 350 2323 oculos
365 2265 433 2323 ideo
448 2264 530 2338 quod
545 2265 659 2323 semina
672 2264 804 2340 possidet
818 2265 892 2339 ignis
1004 2285 1052 2334 330

146 2357 245 2447 multa,
260 2355 393 2414 dolorem
407 2356 498 2413 oculis
513 2373 589 2430 quae
603 2356 726 2430 gignunt
740 2354 923 2414 insinuando.

146 2445 239 2506 lurida
252 2456 403 2522 praeterea
416 2446 490 2503 fiunt
504 2463 708 2520 quaecumque
723 2454 840 2503 tuentur

147 2539 267 2613 arquati,
282 2537 351 2612 quia
364 2537 465 2595 luroris
480 2535 518 2593 de
534 2554 656 2610 corpore
671 2554 774 2595 eorum

147 2630 258 2687 semina
271 2629 363 2686 multa
376 2627 468 2685 fluunt
482 2627 642 2685 simulacris
657 2627 744 2685 obvia
758 2644 863 2697 rerum,

147 2719 294 2793 multaque
309 2728 376 2776 sunt
390 2718 481 2776 oculis
496 2717 526 2775 in
541 2735 641 2774 eorum
656 2716 785 2792 denique
800 2717 899 2789 mixta,

147 2828 222 2885 quae
237 2818 362 2885 contage
377 2828 429 2867 sua
443 2809 600 2885 palloribus
615 2809 714 2866 omnia
728 2809 862 2883 pingunt.

147 2917 164 2958 e
178 2900 304 2958 tenebris
317 2909 415 2958 autem
430 2917 504 2974 quae
520 2908 587 2956 sunt
601 2899 631 2956 in
644 2899 710 2955 luce
725 2907 841 2956 tuemur

146 2999 302 3066 propterea
314 2990 391 3065 quia,
407 3007 475 3046 cum
489 2989 608 3064 propior
622 2989 750 3064 caliginis
764 2992 814 3046 aer

147 3091 208 3138 ater
221 3081 275 3138 init
289 3081 391 3139 oculos
405 3081 483 3156 prior
497 3089 527 3137 et
541 3079 673 3154 possedit
687 3089 813 3154 apertos,

147 3169 307 3245 insequitur
320 3169 450 3229 candens
464 3171 618 3229 confestim
631 3157 745 3227 lucidus
759 3173 809 3228 aer

147 3261 197 3335 qui
211 3261 295 3335 quasi
308 3270 411 3336 purgat
425 3279 477 3319 eos
491 3279 527 3318 ac
541 3261 635 3336 nigras
651 3260 769 3317 discutit
783 3259 899 3317 umbras

148 3351 220 3409 aeris
235 3350 327 3422 illius;
348 3369 417 3408 nam
432 3351 527 3409 multis
542 3351 671 3424 partibus
686 3349 735 3405 hic
750 3357 794 3405 est

148 3440 283 3500 mobilior
296 3441 453 3517 multisque
468 3441 605 3499 minutior
620 3449 748 3517 etumage
763 3438 883 3513 pollens.
