<?xml version="1.0" encoding="UTF-8"?>
<!DOCTYPE html PUBLIC "-//W3C//DTD XHTML 1.0 Transitional//EN"
    "http://www.w3.org/TR/xhtml1/DTD/xhtml1-transitional.dtd">
<html xmlns="http://www.w3.org/1999/xhtml" xml:lang="en" lang="en">
 <head>
  <title>
</title>
<meta http-equiv="Content-Type" content="text/html;charset=utf-8" />
  <meta name='ocr-system' content='tesseract 3.04.00' />
  <meta name='ocr-capabilities' content='ocr_page ocr_carea ocr_par ocr_line ocrx_word'/>
</head>
<body>
  <div class='ocr_page' id='page_1' title='image "./tlucreticarider00kelsgoog_0168.png"; bbox 0 0 2498 3894; ppageno 0'>
   <div class='ocr_carea' id='block_1_1' title="bbox 234 133 1133 247">
    <p class='ocr_par' dir='ltr' id='par_1_1' title="bbox 234 133 1133 247">
     <span class='ocr_line' id='line_1_1' title="bbox 234 133 1133 247; baseline 0.001 -18"><span class='ocrx_word' id='word_1_1' title='bbox 234 175 299 247; x_wconf 74' lang='lat' dir='ltr'>ru]</span> <span class='ocrx_word' id='word_1_2' title='bbox 467 176 523 230; x_wconf 79' lang='lat' dir='ltr'>nr</span> <span class='ocrx_word' id='word_1_3' title='bbox 549 176 697 232; x_wconf 73' lang='lat' dir='ltr'>arnum</span> <span class='ocrx_word' id='word_1_4' title='bbox 724 175 896 231; x_wconf 79' lang='lat' dir='ltr'><strong>NATURA</strong></span> <span class='ocrx_word' id='word_1_5' title='bbox 1009 133 1133 247; x_wconf 45' lang='lat'>&#39;103</span> 
     </span>
    </p>
   </div>
   <div class='ocr_carea' id='block_1_2' title="bbox 108 336 1213 3502">
    <p class='ocr_par' dir='ltr' id='par_1_2' title="bbox 231 336 1136 502">
     <span class='ocr_line' id='line_1_2' title="bbox 231 336 1136 413; baseline 0.006 -19"><span class='ocrx_word' id='word_1_6' title='bbox 231 336 473 413; x_wconf 90' lang='lat' dir='ltr'>quandoquidem</span> <span class='ocrx_word' id='word_1_7' title='bbox 487 338 571 396; x_wconf 91' lang='lat' dir='ltr'>simili</span> <span class='ocrx_word' id='word_1_8' title='bbox 584 337 684 413; x_wconf 90' lang='lat' dir='ltr'>specie</span> <span class='ocrx_word' id='word_1_9' title='bbox 698 346 765 396; x_wconf 92' lang='lat' dir='ltr'>sunt</span> <span class='ocrx_word' id='word_1_10' title='bbox 778 337 910 412; x_wconf 88' lang='lat' dir='ltr'>praedita</span> <span class='ocrx_word' id='word_1_11' title='bbox 923 355 1015 398; x_wconf 90' lang='lat' dir='ltr'>rerum</span> <span class='ocrx_word' id='word_1_12' title='bbox 1090 362 1136 399; x_wconf 88' lang='lat' dir='ltr'>roo</span> 
     </span>
     <span class='ocr_line' id='line_1_3' title="bbox 231 427 934 502; baseline 0.003 -18"><span class='ocrx_word' id='word_1_13' title='bbox 231 428 347 498; x_wconf 83' lang='lat' dir='ltr'>extima,</span> <span class='ocrx_word' id='word_1_14' title='bbox 362 429 535 502; x_wconf 85' lang='lat' dir='ltr'>imaginibus</span> <span class='ocrx_word' id='word_1_15' title='bbox 549 429 642 486; x_wconf 89' lang='lat' dir='ltr'>missis</span> <span class='ocrx_word' id='word_1_16' title='bbox 657 427 814 485; x_wconf 86' lang='lat' dir='ltr'>consistere</span> <span class='ocrx_word' id='word_1_17' title='bbox 828 445 934 486; x_wconf 88' lang='lat' dir='ltr'>rerum.</span> 
     </span>
    </p>

    <p class='ocr_par' dir='ltr' id='par_1_3' title="bbox 230 517 1136 682">
     <span class='ocr_line' id='line_1_4' title="bbox 230 517 1136 592; baseline 0.003 -17"><span class='ocrx_word' id='word_1_18' title='bbox 230 527 298 575; x_wconf 90' lang='lat' dir='ltr'>sunt</span> <span class='ocrx_word' id='word_1_19' title='bbox 311 518 397 592; x_wconf 90' lang='lat' dir='ltr'>igitur</span> <span class='ocrx_word' id='word_1_20' title='bbox 410 528 513 576; x_wconf 91' lang='lat' dir='ltr'>tenues</span> <span class='ocrx_word' id='word_1_21' title='bbox 527 519 636 575; x_wconf 79' lang='lat' dir='ltr'>formae</span> <span class='ocrx_word' id='word_1_22' title='bbox 650 536 745 574; x_wconf 87' lang='lat' dir='ltr'>rerum</span> <span class='ocrx_word' id='word_1_23' title='bbox 761 517 926 592; x_wconf 87' lang='lat' dir='ltr'>similesque</span> <span class='ocrx_word' id='word_1_24' title='bbox 1091 541 1136 592; x_wconf 86' lang='lat'>104</span> 
     </span>
     <span class='ocr_line' id='line_1_5' title="bbox 230 607 854 682; baseline 0.003 -19"><span class='ocrx_word' id='word_1_25' title='bbox 230 607 352 681; x_wconf 88' lang='lat' dir='ltr'>effigiae,</span> <span class='ocrx_word' id='word_1_26' title='bbox 368 608 531 682; x_wconf 85' lang='lat' dir='ltr'>singillatim</span> <span class='ocrx_word' id='word_1_27' title='bbox 546 626 617 681; x_wconf 86' lang='lat' dir='ltr'>quas</span> <span class='ocrx_word' id='word_1_28' title='bbox 632 625 750 664; x_wconf 89' lang='lat' dir='ltr'>cernere</span> <span class='ocrx_word' id='word_1_29' title='bbox 765 625 854 665; x_wconf 89' lang='lat' dir='ltr'>nemo</span> 
     </span>
    </p>

    <p class='ocr_par' dir='ltr' id='par_1_4' title="bbox 229 696 974 773">
     <span class='ocr_line' id='line_1_6' title="bbox 229 696 974 773; baseline 0.003 -19"><span class='ocrx_word' id='word_1_30' title='bbox 229 715 298 754; x_wconf 89' lang='lat' dir='ltr'>cum</span> <span class='ocrx_word' id='word_1_31' title='bbox 313 698 405 772; x_wconf 89' lang='lat' dir='ltr'>possit</span> <span class='ocrx_word' id='word_1_32' title='bbox 418 707 526 767; x_wconf 89' lang='lat' dir='ltr'>tamen,</span> <span class='ocrx_word' id='word_1_33' title='bbox 542 696 666 754; x_wconf 91' lang='lat' dir='ltr'>adsiduo</span> <span class='ocrx_word' id='word_1_34' title='bbox 681 697 843 771; x_wconf 89' lang='lat' dir='ltr'>crebroque</span> <span class='ocrx_word' id='word_1_35' title='bbox 857 698 974 773; x_wconf 91' lang='lat' dir='ltr'>repulsu</span> 
     </span>
    </p>

    <p class='ocr_par' dir='ltr' id='par_1_5' title="bbox 229 786 1007 862">
     <span class='ocr_line' id='line_1_7' title="bbox 229 786 1007 862; baseline 0.004 -19"><span class='ocrx_word' id='word_1_36' title='bbox 229 788 354 844; x_wconf 91' lang='lat' dir='ltr'>reiectae</span> <span class='ocrx_word' id='word_1_37' title='bbox 369 786 498 845; x_wconf 89' lang='lat' dir='ltr'>reddunt</span> <span class='ocrx_word' id='word_1_38' title='bbox 512 787 697 862; x_wconf 91' lang='lat' dir='ltr'>speculorum</span> <span class='ocrx_word' id='word_1_39' title='bbox 712 805 889 862; x_wconf 25' lang='lat' dir='ltr'>err-aequore</span> <span class='ocrx_word' id='word_1_40' title='bbox 904 790 1007 861; x_wconf 91' lang='lat' dir='ltr'>visum,</span> 
     </span>
    </p>

    <p class='ocr_par' dir='ltr' id='par_1_6' title="bbox 228 877 858 952">
     <span class='ocr_line' id='line_1_8' title="bbox 228 877 858 952; baseline 0.002 -18"><span class='ocrx_word' id='word_1_41' title='bbox 228 895 285 934; x_wconf 90' lang='lat' dir='ltr'>nec</span> <span class='ocrx_word' id='word_1_42' title='bbox 298 879 411 936; x_wconf 91' lang='lat' dir='ltr'>ratione</span> <span class='ocrx_word' id='word_1_43' title='bbox 425 879 480 935; x_wconf 88' lang='lat' dir='ltr'>alia</span> <span class='ocrx_word' id='word_1_44' title='bbox 495 879 600 935; x_wconf 86' lang='lat' dir='ltr'>servari</span> <span class='ocrx_word' id='word_1_45' title='bbox 613 895 700 952; x_wconf 91' lang='lat' dir='ltr'>posse</span> <span class='ocrx_word' id='word_1_46' title='bbox 715 877 858 948; x_wconf 90' lang='lat' dir='ltr'>videntur,</span> 
     </span>
    </p>

    <p class='ocr_par' dir='ltr' id='par_1_7' title="bbox 230 966 1013 1044">
     <span class='ocr_line' id='line_1_9' title="bbox 230 966 1013 1044; baseline 0.005 -20"><span class='ocrx_word' id='word_1_47' title='bbox 230 976 312 1025; x_wconf 88' lang='lat' dir='ltr'>tanto</span> <span class='ocrx_word' id='word_1_48' title='bbox 327 985 417 1043; x_wconf 88' lang='lat' dir='ltr'>opere</span> <span class='ocrx_word' id='word_1_49' title='bbox 432 977 465 1025; x_wconf 89' lang='lat' dir='ltr'>ut</span> <span class='ocrx_word' id='word_1_50' title='bbox 480 968 587 1025; x_wconf 90' lang='lat' dir='ltr'>similes</span> <span class='ocrx_word' id='word_1_51' title='bbox 602 966 762 1025; x_wconf 87' lang='lat' dir='ltr'>reddantur</span> <span class='ocrx_word' id='word_1_52' title='bbox 775 969 881 1042; x_wconf 91' lang='lat' dir='ltr'>cuique</span> <span class='ocrx_word' id='word_1_53' title='bbox 896 969 1013 1044; x_wconf 87' lang='lat' dir='ltr'>figurae.</span> 
     </span>
    </p>

    <p class='ocr_par' dir='ltr' id='par_1_8' title="bbox 226 1057 1213 1694">
     <span class='ocr_line' id='line_1_10' title="bbox 269 1057 1133 1133; baseline 0 -18"><span class='ocrx_word' id='word_1_54' title='bbox 269 1057 359 1115; x_wconf 89' lang='lat' dir='ltr'>Nunc</span> <span class='ocrx_word' id='word_1_55' title='bbox 372 1075 426 1133; x_wconf 86' lang='lat' dir='ltr'>age</span> <span class='ocrx_word' id='word_1_56' title='bbox 441 1076 530 1132; x_wconf 88' lang='lat' dir='ltr'>quam</span> <span class='ocrx_word' id='word_1_57' title='bbox 544 1058 625 1115; x_wconf 91' lang='lat' dir='ltr'>tenui</span> <span class='ocrx_word' id='word_1_58' title='bbox 638 1067 741 1115; x_wconf 88' lang='lat' dir='ltr'>natura</span> <span class='ocrx_word' id='word_1_59' title='bbox 754 1068 869 1115; x_wconf 91' lang='lat' dir='ltr'>constet</span> <span class='ocrx_word' id='word_1_60' title='bbox 882 1059 979 1133; x_wconf 87' lang='lat' dir='ltr'>imago</span> <span class='ocrx_word' id='word_1_61' title='bbox 1087 1081 1133 1115; x_wconf 91' lang='lat'>110</span> 
     </span>
     <span class='ocr_line' id='line_1_11' title="bbox 227 1149 1027 1224; baseline 0.004 -19"><span class='ocrx_word' id='word_1_62' title='bbox 227 1150 356 1224; x_wconf 88' lang='lat' dir='ltr'>percipe.</span> <span class='ocrx_word' id='word_1_63' title='bbox 372 1158 402 1206; x_wconf 90' lang='lat' dir='ltr'>et</span> <span class='ocrx_word' id='word_1_64' title='bbox 416 1149 446 1206; x_wconf 94' lang='lat' dir='ltr'>in</span> <span class='ocrx_word' id='word_1_65' title='bbox 460 1149 568 1224; x_wconf 90' lang='lat' dir='ltr'>primis,</span> <span class='ocrx_word' id='word_1_66' title='bbox 584 1149 724 1223; x_wconf 88' lang='lat' dir='ltr'>quoniam</span> <span class='ocrx_word' id='word_1_67' title='bbox 738 1149 899 1223; x_wconf 89' lang='lat' dir='ltr'>primordia</span> <span class='ocrx_word' id='word_1_68' title='bbox 912 1159 1027 1208; x_wconf 89' lang='lat' dir='ltr'>tantum</span> 
     </span>
     <span class='ocr_line' id='line_1_12' title="bbox 228 1239 910 1313; baseline 0 -17"><span class='ocrx_word' id='word_1_69' title='bbox 228 1248 295 1297; x_wconf 92' lang='lat' dir='ltr'>sunt</span> <span class='ocrx_word' id='word_1_70' title='bbox 309 1239 383 1297; x_wconf 86' lang='lat' dir='ltr'>infra</span> <span class='ocrx_word' id='word_1_71' title='bbox 395 1249 510 1297; x_wconf 89' lang='lat' dir='ltr'>nostros</span> <span class='ocrx_word' id='word_1_72' title='bbox 524 1258 625 1297; x_wconf 88' lang='lat' dir='ltr'>sensus</span> <span class='ocrx_word' id='word_1_73' title='bbox 640 1249 782 1313; x_wconf 86' lang='lat' dir='ltr'>tantoque</span> <span class='ocrx_word' id='word_1_74' title='bbox 797 1241 910 1296; x_wconf 91' lang='lat' dir='ltr'>minora</span> 
     </span>
     <span class='ocr_line' id='line_1_13' title="bbox 227 1330 1065 1405; baseline 0.001 -19"><span class='ocrx_word' id='word_1_75' title='bbox 227 1347 317 1404; x_wconf 91' lang='lat' dir='ltr'>quam</span> <span class='ocrx_word' id='word_1_76' title='bbox 330 1347 406 1405; x_wconf 90' lang='lat' dir='ltr'>quae</span> <span class='ocrx_word' id='word_1_77' title='bbox 420 1331 545 1405; x_wconf 90' lang='lat' dir='ltr'>primum</span> <span class='ocrx_word' id='word_1_78' title='bbox 560 1330 638 1388; x_wconf 91' lang='lat' dir='ltr'>oculi</span> <span class='ocrx_word' id='word_1_79' title='bbox 652 1339 793 1404; x_wconf 90' lang='lat' dir='ltr'>coeptant</span> <span class='ocrx_word' id='word_1_80' title='bbox 806 1349 868 1387; x_wconf 93' lang='lat' dir='ltr'>non</span> <span class='ocrx_word' id='word_1_81' title='bbox 881 1348 967 1405; x_wconf 90' lang='lat' dir='ltr'>posse</span> <span class='ocrx_word' id='word_1_82' title='bbox 982 1330 1065 1398; x_wconf 86' lang='lat' dir='ltr'>tueri,</span> 
     </span>
     <span class='ocr_line' id='line_1_14' title="bbox 226 1419 1094 1496; baseline 0.001 -19"><span class='ocrx_word' id='word_1_83' title='bbox 226 1437 306 1478; x_wconf 92' lang='lat' dir='ltr'>nunc</span> <span class='ocrx_word' id='word_1_84' title='bbox 318 1429 420 1479; x_wconf 90' lang='lat' dir='ltr'>tamen</span> <span class='ocrx_word' id='word_1_85' title='bbox 433 1419 465 1478; x_wconf 90' lang='lat' dir='ltr'>id</span> <span class='ocrx_word' id='word_1_86' title='bbox 479 1437 598 1496; x_wconf 90' lang='lat' dir='ltr'>quoque</span> <span class='ocrx_word' id='word_1_87' title='bbox 612 1420 655 1477; x_wconf 92' lang='lat' dir='ltr'>uti</span> <span class='ocrx_word' id='word_1_88' title='bbox 669 1421 850 1489; x_wconf 88' lang='lat' dir='ltr'>confirmem,</span> <span class='ocrx_word' id='word_1_89' title='bbox 867 1420 986 1478; x_wconf 79' lang='lat' dir='ltr'>exordia</span> <span class='ocrx_word' id='word_1_90' title='bbox 999 1438 1094 1478; x_wconf 89' lang='lat' dir='ltr'>rerum</span> 
     </span>
     <span class='ocr_line' id='line_1_15' title="bbox 226 1510 1131 1585; baseline 0 -18"><span class='ocrx_word' id='word_1_91' title='bbox 226 1520 398 1568; x_wconf 86' lang='lat' dir='ltr'>cunctarum</span> <span class='ocrx_word' id='word_1_92' title='bbox 411 1528 501 1584; x_wconf 85' lang='lat' dir='ltr'>quam</span> <span class='ocrx_word' id='word_1_93' title='bbox 516 1511 572 1567; x_wconf 91' lang='lat' dir='ltr'>sint</span> <span class='ocrx_word' id='word_1_94' title='bbox 586 1510 702 1585; x_wconf 88' lang='lat' dir='ltr'>suptilia</span> <span class='ocrx_word' id='word_1_95' title='bbox 715 1511 834 1585; x_wconf 88' lang='lat' dir='ltr'>percipe</span> <span class='ocrx_word' id='word_1_96' title='bbox 849 1511 959 1584; x_wconf 88' lang='lat' dir='ltr'>paucis.</span> <span class='ocrx_word' id='word_1_97' title='bbox 1087 1530 1131 1583; x_wconf 83' lang='lat'>115</span> 
     </span>
     <span class='ocr_line' id='line_1_16' title="bbox 226 1601 1213 1694; baseline 0.001 -37"><span class='ocrx_word' id='word_1_98' title='bbox 226 1601 353 1675; x_wconf 91' lang='lat' dir='ltr'>primum</span> <span class='ocrx_word' id='word_1_99' title='bbox 368 1601 504 1658; x_wconf 87' lang='lat' dir='ltr'>animalia</span> <span class='ocrx_word' id='word_1_100' title='bbox 517 1609 585 1658; x_wconf 90' lang='lat' dir='ltr'>sunt</span> <span class='ocrx_word' id='word_1_101' title='bbox 599 1601 657 1658; x_wconf 82' lang='lat' dir='ltr'>iarn</span> <span class='ocrx_word' id='word_1_102' title='bbox 671 1602 776 1675; x_wconf 84' lang='lat' dir='ltr'>partim</span> <span class='ocrx_word' id='word_1_103' title='bbox 790 1601 909 1671; x_wconf 85' lang='lat' dir='ltr'>tantula,</span> <span class='ocrx_word' id='word_1_104' title='bbox 924 1618 1048 1676; x_wconf 89' lang='lat' dir='ltr'>quorum</span> <span class='ocrx_word' id='word_1_105' title='bbox 1184 1612 1213 1694; x_wconf 67' lang='lat' dir='ltr'>tp</span> 
     </span>
    </p>

    <p class='ocr_par' dir='ltr' id='par_1_9' title="bbox 187 1690 1134 2583">
     <span class='ocr_line' id='line_1_17' title="bbox 187 1690 828 1766; baseline 0.002 -18"><span class='ocrx_word' id='word_1_106' title='bbox 187 1758 192 1766; x_wconf 30' lang='lat'><strong>¹</strong></span> <span class='ocrx_word' id='word_1_107' title='bbox 225 1691 311 1748; x_wconf 86' lang='lat' dir='ltr'>tertia</span> <span class='ocrx_word' id='word_1_108' title='bbox 322 1695 390 1766; x_wconf 90' lang='lat' dir='ltr'>pars</span> <span class='ocrx_word' id='word_1_109' title='bbox 403 1691 482 1748; x_wconf 89' lang='lat' dir='ltr'>nulla</span> <span class='ocrx_word' id='word_1_110' title='bbox 495 1691 588 1766; x_wconf 91' lang='lat' dir='ltr'>possit</span> <span class='ocrx_word' id='word_1_111' title='bbox 601 1691 713 1748; x_wconf 88' lang='lat' dir='ltr'>ratione</span> <span class='ocrx_word' id='word_1_112' title='bbox 727 1690 828 1749; x_wconf 89' lang='lat' dir='ltr'>videri.</span> 
     </span>
     <span class='ocr_line' id='line_1_18' title="bbox 225 1779 1056 1856; baseline 0.001 -18"><span class='ocrx_word' id='word_1_113' title='bbox 225 1779 331 1839; x_wconf 92' lang='lat' dir='ltr'>horum</span> <span class='ocrx_word' id='word_1_114' title='bbox 344 1781 514 1839; x_wconf 89' lang='lat' dir='ltr'>intestinum</span> <span class='ocrx_word' id='word_1_115' title='bbox 527 1780 652 1856; x_wconf 89' lang='lat' dir='ltr'>quodvis</span> <span class='ocrx_word' id='word_1_116' title='bbox 667 1782 752 1855; x_wconf 89' lang='lat' dir='ltr'>quale</span> <span class='ocrx_word' id='word_1_117' title='bbox 767 1800 830 1839; x_wconf 91' lang='lat' dir='ltr'>esse</span> <span class='ocrx_word' id='word_1_118' title='bbox 844 1780 1037 1856; x_wconf 90' lang='lat' dir='ltr'>putandumst</span> <span class='ocrx_word' id='word_1_119' title='bbox 1051 1785 1056 1840; x_wconf 76' lang='grc' dir='ltr'>Ι</span> 
     </span>
     <span class='ocr_line' id='line_1_19' title="bbox 226 1871 1134 1946; baseline 0.001 -18"><span class='ocrx_word' id='word_1_120' title='bbox 226 1871 298 1946; x_wconf 94' lang='lat' dir='ltr'>quid</span> <span class='ocrx_word' id='word_1_121' title='bbox 312 1871 410 1929; x_wconf 91' lang='lat' dir='ltr'>cordis</span> <span class='ocrx_word' id='word_1_122' title='bbox 423 1873 527 1946; x_wconf 92' lang='lat' dir='ltr'>globus</span> <span class='ocrx_word' id='word_1_123' title='bbox 536 1880 586 1930; x_wconf 87' lang='lat' dir='ltr'>aut</span> <span class='ocrx_word' id='word_1_124' title='bbox 594 1872 693 1929; x_wconf 86' lang='lat' dir='ltr'>oculi?</span> <span class='ocrx_word' id='word_1_125' title='bbox 706 1871 777 1946; x_wconf 90' lang='lat' dir='ltr'>quid</span> <span class='ocrx_word' id='word_1_126' title='bbox 786 1873 937 1929; x_wconf 88' lang='lat' dir='ltr'>membra?</span> <span class='ocrx_word' id='word_1_127' title='bbox 951 1872 1021 1946; x_wconf 93' lang='lat' dir='ltr'>quid</span> <span class='ocrx_word' id='word_1_128' title='bbox 1036 1873 1134 1930; x_wconf 85' lang='lat' dir='ltr'>artus?</span> 
     </span>
     <span class='ocr_line' id='line_1_20' title="bbox 226 1961 1132 2037; baseline -0.001 -18"><span class='ocrx_word' id='word_1_129' title='bbox 226 1962 365 2037; x_wconf 84' lang='lat' dir='ltr'>quantula</span> <span class='ocrx_word' id='word_1_130' title='bbox 378 1965 465 2021; x_wconf 88' lang='lat' dir='ltr'>sunt!</span> <span class='ocrx_word' id='word_1_131' title='bbox 487 1961 559 2037; x_wconf 90' lang='lat' dir='ltr'>quid</span> <span class='ocrx_word' id='word_1_132' title='bbox 573 1972 724 2037; x_wconf 87' lang='lat' dir='ltr'>praeterea</span> <span class='ocrx_word' id='word_1_133' title='bbox 737 1963 896 2037; x_wconf 90' lang='lat' dir='ltr'>primordia</span> <span class='ocrx_word' id='word_1_134' title='bbox 910 1981 1043 2037; x_wconf 91' lang='lat' dir='ltr'>quaeque</span> <span class='ocrx_word' id='word_1_135' title='bbox 1086 1984 1132 2019; x_wconf 88' lang='lat'>120</span> 
     </span>
     <span class='ocr_line' id='line_1_21' title="bbox 225 2052 1085 2127; baseline 0.002 -18"><span class='ocrx_word' id='word_1_136' title='bbox 225 2052 305 2110; x_wconf 90' lang='lat' dir='ltr'>unde</span> <span class='ocrx_word' id='word_1_137' title='bbox 319 2053 417 2111; x_wconf 85' lang='lat' dir='ltr'>anima</span> <span class='ocrx_word' id='word_1_138' title='bbox 430 2052 518 2127; x_wconf 84' lang='lat' dir='ltr'>atque</span> <span class='ocrx_word' id='word_1_139' title='bbox 532 2053 623 2110; x_wconf 89' lang='lat' dir='ltr'>animi</span> <span class='ocrx_word' id='word_1_140' title='bbox 637 2063 754 2110; x_wconf 90' lang='lat' dir='ltr'>constet</span> <span class='ocrx_word' id='word_1_141' title='bbox 767 2062 870 2110; x_wconf 86' lang='lat' dir='ltr'>natura</span> <span class='ocrx_word' id='word_1_142' title='bbox 882 2053 1085 2111; x_wconf 81' lang='lat' dir='ltr'>necessumst?</span> 
     </span>
     <span class='ocr_line' id='line_1_22' title="bbox 225 2142 1033 2218; baseline -0.001 -17"><span class='ocrx_word' id='word_1_143' title='bbox 225 2160 325 2201; x_wconf 90' lang='lat' dir='ltr'>nonne</span> <span class='ocrx_word' id='word_1_144' title='bbox 339 2142 422 2200; x_wconf 89' lang='lat' dir='ltr'>vides</span> <span class='ocrx_word' id='word_1_145' title='bbox 436 2161 525 2217; x_wconf 92' lang='lat' dir='ltr'>quam</span> <span class='ocrx_word' id='word_1_146' title='bbox 539 2143 596 2199; x_wconf 89' lang='lat' dir='ltr'>sint</span> <span class='ocrx_word' id='word_1_147' title='bbox 610 2143 725 2200; x_wconf 87' lang='lat' dir='ltr'>subtilia</span> <span class='ocrx_word' id='word_1_148' title='bbox 739 2160 885 2218; x_wconf 89' lang='lat' dir='ltr'>quamque</span> <span class='ocrx_word' id='word_1_149' title='bbox 900 2144 1033 2200; x_wconf 84' lang='lat' dir='ltr'>minuta?</span> 
     </span>
     <span class='ocr_line' id='line_1_23' title="bbox 226 2233 995 2308; baseline 0.003 -19"><span class='ocrx_word' id='word_1_150' title='bbox 226 2243 376 2308; x_wconf 87' lang='lat' dir='ltr'>praeterea</span> <span class='ocrx_word' id='word_1_151' title='bbox 389 2251 595 2307; x_wconf 85' lang='lat' dir='ltr'>quaecumque</span> <span class='ocrx_word' id='word_1_152' title='bbox 610 2251 663 2290; x_wconf 92' lang='lat' dir='ltr'>suo</span> <span class='ocrx_word' id='word_1_153' title='bbox 678 2233 716 2290; x_wconf 89' lang='lat' dir='ltr'>de</span> <span class='ocrx_word' id='word_1_154' title='bbox 731 2251 855 2307; x_wconf 89' lang='lat' dir='ltr'>corpore</span> <span class='ocrx_word' id='word_1_155' title='bbox 870 2233 995 2291; x_wconf 89' lang='lat' dir='ltr'>odorem</span> 
     </span>
     <span class='ocr_line' id='line_1_24' title="bbox 227 2323 886 2398; baseline -0.002 -18"><span class='ocrx_word' id='word_1_156' title='bbox 227 2324 358 2398; x_wconf 86' lang='lat' dir='ltr'>expirant</span> <span class='ocrx_word' id='word_1_157' title='bbox 372 2341 479 2394; x_wconf 90' lang='lat' dir='ltr'>acrem,</span> <span class='ocrx_word' id='word_1_158' title='bbox 494 2341 622 2398; x_wconf 89' lang='lat' dir='ltr'>panaces</span> <span class='ocrx_word' id='word_1_159' title='bbox 636 2323 780 2380; x_wconf 87' lang='lat' dir='ltr'>absinthia</span> <span class='ocrx_word' id='word_1_160' title='bbox 794 2332 886 2380; x_wconf 85' lang='lat' dir='ltr'>taetra</span> 
     </span>
     <span class='ocr_line' id='line_1_25' title="bbox 227 2411 1130 2488; baseline -0.002 -18"><span class='ocrx_word' id='word_1_161' title='bbox 227 2411 441 2487; x_wconf 88' lang='lat' dir='ltr'>habrotonique</span> <span class='ocrx_word' id='word_1_162' title='bbox 455 2431 557 2488; x_wconf 88' lang='lat' dir='ltr'>graves</span> <span class='ocrx_word' id='word_1_163' title='bbox 572 2421 601 2470; x_wconf 90' lang='lat' dir='ltr'>et</span> <span class='ocrx_word' id='word_1_164' title='bbox 613 2413 704 2469; x_wconf 86' lang='lat' dir='ltr'>tristia</span> <span class='ocrx_word' id='word_1_165' title='bbox 717 2423 882 2483; x_wconf 88' lang='lat' dir='ltr'>centaurea,</span> <span class='ocrx_word' id='word_1_166' title='bbox 1086 2433 1130 2486; x_wconf 83' lang='lat'>1²5</span> 
     </span>
     <span class='ocr_line' id='line_1_26' title="bbox 225 2502 959 2583; baseline 0.003 -23"><span class='ocrx_word' id='word_1_167' title='bbox 225 2520 352 2583; x_wconf 89' lang='lat' dir='ltr'>quorum</span> <span class='ocrx_word' id='word_1_168' title='bbox 365 2521 458 2560; x_wconf 91' lang='lat' dir='ltr'>unum</span> <span class='ocrx_word' id='word_1_169' title='bbox 472 2503 586 2578; x_wconf 87' lang='lat' dir='ltr'>quidvis</span> <span class='ocrx_word' id='word_1_170' title='bbox 600 2503 700 2560; x_wconf 89' lang='lat' dir='ltr'>leviter</span> <span class='ocrx_word' id='word_1_171' title='bbox 713 2503 738 2559; x_wconf 89' lang='lat' dir='ltr'>si</span> <span class='ocrx_word' id='word_1_172' title='bbox 752 2504 826 2560; x_wconf 82' lang='lat' dir='ltr'>forte</span> <span class='ocrx_word' id='word_1_173' title='bbox 840 2502 959 2562; x_wconf 81' lang='lat' dir='ltr'>(luobus</span> 
     </span>
    </p>

    <p class='ocr_par' dir='ltr' id='par_1_10' title="bbox 108 2557 912 2696">
     <span class='ocr_line' id='line_1_27' title="bbox 108 2557 912 2696; baseline 0.002 -3"><span class='ocrx_word' id='word_1_174' title='bbox 108 2596 174 2681; x_wconf 42' lang='lat' dir='ltr'>(fl</span> <span class='ocrx_word' id='word_1_175' title='bbox 185 2608 286 2696; x_wconf 38' lang='lat' dir='ltr'>‘se-&gt;fv</span> <span class='ocrx_word' id='word_1_176' title='bbox 299 2557 446 2694; x_wconf 44' lang='lat' dir='ltr'><em>m</em></span> <span class='ocrx_word' id='word_1_177' title='bbox 461 2604 601 2691; x_wconf 53' lang='lat' dir='ltr'>effora&lt;</span> <span class='ocrx_word' id='word_1_178' title='bbox 612 2655 641 2687; x_wconf 53' lang='grc' dir='ltr'>ν’»</span> <span class='ocrx_word' id='word_1_179' title='bbox 666 2584 691 2694; x_wconf 60' lang='lat'>3*</span> <span class='ocrx_word' id='word_1_180' title='bbox 713 2638 727 2675; x_wconf 63' lang='grc' dir='ltr'><em>Ἰ</em></span> <span class='ocrx_word' id='word_1_181' title='bbox 906 2682 912 2695; x_wconf 95' lang='grc'><em>.</em></span> 
     </span>
    </p>

    <p class='ocr_par' dir='ltr' id='par_1_11' title="bbox 172 2682 948 2848">
     <span class='ocr_line' id='line_1_28' title="bbox 172 2682 914 2767; baseline 0 -27"><span class='ocrx_word' id='word_1_182' title='bbox 172 2708 192 2767; x_wconf 67' lang='lat' dir='ltr'><em>s</em></span> <span class='ocrx_word' id='word_1_183' title='bbox 227 2700 298 2757; x_wconf 91' lang='lat' dir='ltr'>qum</span> <span class='ocrx_word' id='word_1_184' title='bbox 311 2692 409 2758; x_wconf 88' lang='lat' dir='ltr'>potrus</span> <span class='ocrx_word' id='word_1_185' title='bbox 422 2700 528 2741; x_wconf 90' lang='lat' dir='ltr'>noscas</span> <span class='ocrx_word' id='word_1_186' title='bbox 541 2701 638 2740; x_wconf 86' lang='lat' dir='ltr'>rerum</span> <span class='ocrx_word' id='word_1_187' title='bbox 652 2682 805 2740; x_wconf 82' lang='lat' dir='ltr'>simulacra</span> <span class='ocrx_word' id='word_1_188' title='bbox 817 2701 914 2757; x_wconf 83' lang='lat' dir='ltr'>vagari</span> 
     </span>
     <span class='ocr_line' id='line_1_29' title="bbox 227 2773 948 2848; baseline -0.001 -18"><span class='ocrx_word' id='word_1_189' title='bbox 227 2773 318 2831; x_wconf 87' lang='lat' dir='ltr'>multa</span> <span class='ocrx_word' id='word_1_190' title='bbox 330 2773 427 2831; x_wconf 91' lang='lat' dir='ltr'>modis</span> <span class='ocrx_word' id='word_1_191' title='bbox 441 2774 539 2830; x_wconf 89' lang='lat' dir='ltr'>multis</span> <span class='ocrx_word' id='word_1_192' title='bbox 552 2773 631 2830; x_wconf 92' lang='lat' dir='ltr'>nulla</span> <span class='ocrx_word' id='word_1_193' title='bbox 643 2773 673 2830; x_wconf 89' lang='lat' dir='ltr'>vi</span> <span class='ocrx_word' id='word_1_194' title='bbox 686 2790 826 2848; x_wconf 86' lang='lat' dir='ltr'>cassaque</span> <span class='ocrx_word' id='word_1_195' title='bbox 840 2773 948 2830; x_wconf 86' lang='lat' dir='ltr'>sensu?</span> 
     </span>
    </p>

    <p class='ocr_par' dir='ltr' id='par_1_12' title="bbox 226 2861 1133 3502">
     <span class='ocr_line' id='line_1_30' title="bbox 269 2861 963 2940; baseline -0.003 -18"><span class='ocrx_word' id='word_1_196' title='bbox 269 2861 344 2940; x_wconf 88' lang='lat' dir='ltr'>[Sed</span> <span class='ocrx_word' id='word_1_197' title='bbox 357 2881 396 2920; x_wconf 89' lang='lat' dir='ltr'>ne</span> <span class='ocrx_word' id='word_1_198' title='bbox 410 2863 484 2920; x_wconf 85' lang='lat' dir='ltr'>forte</span> <span class='ocrx_word' id='word_1_199' title='bbox 498 2872 585 2938; x_wconf 90' lang='lat' dir='ltr'>putes</span> <span class='ocrx_word' id='word_1_200' title='bbox 597 2881 634 2920; x_wconf 91' lang='lat' dir='ltr'>ea</span> <span class='ocrx_word' id='word_1_201' title='bbox 647 2862 768 2920; x_wconf 92' lang='lat' dir='ltr'>demum</span> <span class='ocrx_word' id='word_1_202' title='bbox 783 2864 845 2921; x_wconf 88' lang='lat' dir='ltr'>sola</span> <span class='ocrx_word' id='word_1_203' title='bbox 856 2863 963 2938; x_wconf 87' lang='lat' dir='ltr'>vagari,</span> 
     </span>
     <span class='ocr_line' id='line_1_31' title="bbox 228 2952 1133 3029; baseline 0.002 -20"><span class='ocrx_word' id='word_1_204' title='bbox 228 2970 432 3028; x_wconf 87' lang='lat' dir='ltr'>quaecumque</span> <span class='ocrx_word' id='word_1_205' title='bbox 446 2953 484 3011; x_wconf 90' lang='lat' dir='ltr'>ab</span> <span class='ocrx_word' id='word_1_206' title='bbox 497 2953 583 3010; x_wconf 88' lang='lat' dir='ltr'>rebus</span> <span class='ocrx_word' id='word_1_207' title='bbox 597 2970 692 3010; x_wconf 89' lang='lat' dir='ltr'>rerum</span> <span class='ocrx_word' id='word_1_208' title='bbox 707 2954 860 3010; x_wconf 89' lang='lat' dir='ltr'>simulacra</span> <span class='ocrx_word' id='word_1_209' title='bbox 871 2952 1024 3029; x_wconf 87' lang='lat' dir='ltr'>recedunt,</span> <span class='ocrx_word' id='word_1_210' title='bbox 1085 2973 1133 3026; x_wconf 84' lang='lat'>130</span> 
     </span>
     <span class='ocr_line' id='line_1_32' title="bbox 227 3044 963 3118; baseline 0 -17"><span class='ocrx_word' id='word_1_211' title='bbox 227 3051 295 3101; x_wconf 90' lang='lat' dir='ltr'>sunt</span> <span class='ocrx_word' id='word_1_212' title='bbox 308 3044 397 3100; x_wconf 90' lang='lat' dir='ltr'>etiam</span> <span class='ocrx_word' id='word_1_213' title='bbox 410 3060 486 3118; x_wconf 90' lang='lat' dir='ltr'>quae</span> <span class='ocrx_word' id='word_1_214' title='bbox 500 3053 606 3118; x_wconf 89' lang='lat' dir='ltr'>sponte</span> <span class='ocrx_word' id='word_1_215' title='bbox 621 3062 673 3101; x_wconf 90' lang='lat' dir='ltr'>sua</span> <span class='ocrx_word' id='word_1_216' title='bbox 686 3044 843 3118; x_wconf 91' lang='lat' dir='ltr'>gignuntur</span> <span class='ocrx_word' id='word_1_217' title='bbox 857 3053 886 3100; x_wconf 89' lang='lat' dir='ltr'>et</span> <span class='ocrx_word' id='word_1_218' title='bbox 899 3044 963 3118; x_wconf 88' lang='lat' dir='ltr'>ipsa</span> 
     </span>
     <span class='ocr_line' id='line_1_33' title="bbox 227 3133 911 3209; baseline 0 -19"><span class='ocrx_word' id='word_1_219' title='bbox 227 3133 441 3191; x_wconf 89' lang='lat' dir='ltr'>constituuntur</span> <span class='ocrx_word' id='word_1_220' title='bbox 456 3133 487 3191; x_wconf 91' lang='lat' dir='ltr'>in</span> <span class='ocrx_word' id='word_1_221' title='bbox 501 3133 655 3192; x_wconf 89' lang='lat' dir='ltr'>hoccaelo</span> <span class='ocrx_word' id='word_1_222' title='bbox 670 3135 721 3209; x_wconf 90' lang='lat' dir='ltr'>qui</span> <span class='ocrx_word' id='word_1_223' title='bbox 735 3133 840 3191; x_wconf 91' lang='lat' dir='ltr'>dicitur</span> <span class='ocrx_word' id='word_1_224' title='bbox 853 3136 911 3205; x_wconf 69' lang='lat' dir='ltr'>air,</span> 
     </span>
     <span class='ocr_line' id='line_1_34' title="bbox 228 3223 943 3298; baseline 0.003 -18"><span class='ocrx_word' id='word_1_225' title='bbox 228 3240 303 3298; x_wconf 89' lang='lat' dir='ltr'>quae</span> <span class='ocrx_word' id='word_1_226' title='bbox 317 3223 414 3281; x_wconf 92' lang='lat' dir='ltr'>multis</span> <span class='ocrx_word' id='word_1_227' title='bbox 428 3224 553 3282; x_wconf 88' lang='lat' dir='ltr'>formata</span> <span class='ocrx_word' id='word_1_228' title='bbox 565 3223 661 3282; x_wconf 89' lang='lat' dir='ltr'>modis</span> <span class='ocrx_word' id='word_1_229' title='bbox 676 3223 801 3282; x_wconf 59' lang='lat' dir='ltr'>sublime</span> <span class='ocrx_word' id='word_1_230' title='bbox 812 3225 943 3282; x_wconf 81' lang='lat' dir='ltr'>feruntur</span> 
     </span>
     <span class='ocr_line' id='line_1_35' title="bbox 226 3314 933 3389; baseline 0.003 -19"><span class='ocrx_word' id='word_1_231' title='bbox 226 3331 284 3370; x_wconf 89' lang='lat' dir='ltr'>nee</span> <span class='ocrx_word' id='word_1_232' title='bbox 297 3314 429 3388; x_wconf 90' lang='lat' dir='ltr'>speciem</span> <span class='ocrx_word' id='word_1_233' title='bbox 441 3323 554 3372; x_wconf 87' lang='lat' dir='ltr'>mutare</span> <span class='ocrx_word' id='word_1_234' title='bbox 568 3332 650 3372; x_wconf 91' lang='lat' dir='ltr'>suam</span> <span class='ocrx_word' id='word_1_235' title='bbox 664 3315 805 3389; x_wconf 90' lang='lat' dir='ltr'>liquentia</span> <span class='ocrx_word' id='word_1_236' title='bbox 818 3323 933 3372; x_wconf 88' lang='lat' dir='ltr'>cessant</span> 
     </span>
     <span class='ocr_line' id='line_1_36' title="bbox 228 3403 1130 3502; baseline -0.002 -41"><span class='ocrx_word' id='word_1_237' title='bbox 228 3412 259 3461; x_wconf 88' lang='lat' dir='ltr'>et</span> <span class='ocrx_word' id='word_1_238' title='bbox 272 3404 413 3479; x_wconf 90' lang='lat' dir='ltr'>cuiusque</span> <span class='ocrx_word' id='word_1_239' title='bbox 428 3403 512 3463; x_wconf 91' lang='lat' dir='ltr'>modi</span> <span class='ocrx_word' id='word_1_240' title='bbox 525 3403 683 3502; x_wconf 55' lang='lat' dir='ltr'>sormgqrm</span> <span class='ocrx_word' id='word_1_241' title='bbox 697 3414 808 3462; x_wconf 89' lang='lat' dir='ltr'>vertere</span> <span class='ocrx_word' id='word_1_242' title='bbox 823 3405 854 3461; x_wconf 90' lang='lat' dir='ltr'>in</span> <span class='ocrx_word' id='word_1_243' title='bbox 867 3421 951 3477; x_wconf 81' lang='lat' dir='ltr'>oras3</span> <span class='ocrx_word' id='word_1_244' title='bbox 1086 3421 1130 3474; x_wconf 81' lang='lat'>135</span> 
     </span>
    </p>
   </div>
   <div class='ocr_carea' id='block_1_3' title="bbox 0 0 1254 3894">
    <p class='ocr_par' dir='ltr' id='par_1_13' title="bbox 0 0 1254 3894">
     <span class='ocr_line' id='line_1_37' title="bbox 0 0 1254 3894; baseline 0 1"><span class='ocrx_word' id='word_1_245' title='bbox 0 0 1254 3894; x_wconf 95' lang='lat' dir='ltr'> </span> 
     </span>
    </p>
   </div>
  </div>
 </body>
</html>
