2498 3894
123 195 188 268 lV.]
362 198 417 251 DE
445 198 590 252 RERUM
619 198 792 253 NATURA
967 200 1024 263 129

120 361 202 418 multi
216 360 255 418 de
269 363 380 437 magnis
394 379 447 437 per
459 379 596 420 somnum
610 362 691 421 rebu’
706 363 865 438 loquuntur

120 450 290 525 indicioque
304 453 348 510 sui
361 453 430 509 facti
444 470 584 528 persaepe
599 452 688 511 suere.

119 541 202 599 multi
217 552 341 599 mortem
356 543 474 616 obeunt.
489 543 581 613 multi,
597 542 635 601 de
650 545 798 603 montibus
815 545 879 603 altis
962 567 1025 604 1020

119 635 152 687 'ut
165 631 216 705 qui
230 633 422 706 praecipitent
436 633 474 690 ad
488 642 594 692 terram
608 651 732 708 corpore
746 643 819 707 toto,

120 731 306 779 extemantur
320 733 350 779 et
365 741 401 779 ex
414 740 519 782 somno
534 725 616 797 quasi
632 723 769 781 mentibu'
785 725 864 799 capti

118 813 167 869 vix
180 810 220 869 ad
233 830 264 870 se
279 811 403 869 redeunt
418 814 543 887 permoti
558 815 687 888 corporis
702 826 794 873 aestu.

118 901 228 959 flumen
242 903 312 959 item
327 903 426 960 sitiens
441 912 490 960 aut
504 904 615 960 fontem
631 914 750 978 propter
764 921 922 962 amoenum

119 991 233 1049 adsidet
248 1002 277 1049 et
291 1002 384 1050 totum
399 1011 491 1067 prope
506 994 637 1051 faucibus
652 1004 779 1068 occupat
792 1013 919 1052 amnem.
963 1014 1024 1066 1025

119 1082 184 1155 puri
198 1100 286 1156 saepe
301 1083 397 1139 lacum
412 1093 530 1157 propter
544 1084 566 1141 si
581 1102 616 1140 ac
631 1083 710 1141 dolia
724 1093 805 1141 curta
994 1084 1023 1161 's

119 1190 224 1229 somno
242 1172 371 1230 devincti
385 1172 508 1230 credunt
523 1192 553 1230 se
569 1173 705 1230 extollere
720 1183 840 1245 vestem,

118 1262 206 1319 totius
221 1281 354 1320 umorem
368 1273 515 1320 saccatum
531 1264 656 1337 corpori'
672 1262 806 1334 fundunt,

118 1369 186 1409 curn
201 1353 379 1428 Babylonica
392 1354 549 1427 magnifico
563 1353 719 1427 splendore
734 1354 869 1428 rigantur.

119 1451 181 1499 tum
196 1443 301 1517 quibus
316 1443 418 1501 aetatis
432 1444 503 1500 freta
518 1444 649 1517 primitus
665 1444 825 1501 insinuatur
849 1503 868 1541 ,κ
961 1464 1024 1515 1030

119 1551 229 1603 semen,
244 1533 294 1591 ubi
309 1534 372 1608 ipsa
385 1533 448 1591 dies
463 1534 600 1592 membris
614 1544 727 1591 matura
740 1534 857 1605 creavit,v

118 1623 298 1680 conveniunt
311 1623 464 1681 simulacra
478 1625 546 1682 foris
560 1642 576 1681 e
591 1642 714 1699 corpore
729 1642 849 1699 quoque

118 1715 219 1771 nuntia
232 1714 372 1788 praecia-ri
386 1715 480 1772 voltus
495 1714 666 1790 pulchrique
681 1715 795 1786 coloriS,
878 1767 892 1795 ἢ

118 1804 168 1879 qui
183 1805 240 1861 ciet
254 1805 371 1862 inritans
385 1804 452 1862 loca
465 1805 578 1880 turgida
593 1806 703 1863 semine
718 1806 819 1876 multu,
873 1806 889 1856 ε’

118 1903 151 1951 ut
165 1895 247 1969 quasi
260 1896 411 1953 transactis
425 1914 513 1970 saepe
525 1896 654 1953 omnibu’
670 1896 751 1953 rebu'
766 1893 944 1970 profundant
961 1913 1021 1966 ¹035

119 1983 245 2042 fluminis
259 1985 384 2060 ingentis
400 1985 504 2043 fluctus
517 1996 688 2059 vestemque
702 1995 864 2044 cruentent.

159 2075 331 2134 Sollicitatur
346 2074 377 2132 id
392 2076 423 2133 in
437 2076 531 2147 nobis
548 2075 628 2149 quod
643 2075 769 2133 diximus
782 2085 850 2133 ante

118 2184 229 2238 semen,
244 2165 343 2224 adulta
356 2175 435 2223 aetas
450 2185 517 2223 cum
532 2167 657 2240 primum
671 2167 788 2224 roborat
802 2176 888 2224 artus

118 2273 246 2330 namque
261 2257 329 2314 alias
344 2255 422 2314 aliud
436 2275 481 2314 res
496 2266 664 2314 commovet
678 2267 764 2330 atque
779 2256 913 2328 lacessit;

119 2365 156 2404 ex
170 2346 289 2405 homine
304 2348 465 2405 humanum
480 2365 581 2404 semen
595 2348 652 2404 ciet
666 2366 725 2404 una
738 2345 863 2403 hominis
876 2346 929 2403 vis.
961 2365 1024 2414 1040

118 2436 199 2510 quod
213 2438 298 2495 simul
313 2448 400 2515 atque
415 2438 473 2496 suis
487 2438 614 2495 eiectum
629 2437 746 2495 sedibus
761 2436 829 2507 exit,

117 2544 171 2602 per
184 2529 315 2586 membra
329 2539 416 2603 atque
432 2539 508 2586 artus
523 2527 640 2585 decedit
655 2545 776 2602 corpore
791 2536 854 2586 toto

118 2617 147 2675 in
162 2617 227 2675 loca
240 2621 418 2677 conveniens
432 2638 586 2676 nervorum
601 2628 681 2675 certa
695 2619 810 2690 cietque

118 2709 259 2766 continuo
273 2709 361 2783 partis
376 2710 507 2783 genitalis
522 2709 651 2783 corporis
666 2708 751 2782 ipsas

118 2797 231 2856 inritata
245 2808 358 2856 tument
372 2800 438 2856 loca
452 2800 564 2856 semine
579 2800 668 2874 fitque
684 2797 816 2855 voluntas
960 2816 1005 2863 104
1008 2813 1022 2866 5

118 2887 213 2945 eicere
228 2888 259 2946 id
274 2907 333 2963 quo
348 2908 378 2946 se
393 2888 547 2947 contendit
561 2889 624 2947 dira
637 2888 747 2959 lubid0,

119 2975 207 3052 idque
222 2979 295 3053 petit
308 2997 423 3054 corpus,
439 2997 523 3036 mens
538 2980 616 3036 unde
632 2988 676 3036 est
690 2977 788 3036 saucia
801 2994 910 3034 amore.

119 3083 247 3142 namque
262 3086 364 3126 omnes
378 3070 549 3143 plerumque
564 3068 674 3126 cadunt
688 3069 718 3126 in
731 3069 835 3127 vulnus
850 3077 879 3125 et
893 3066 970 3124 illam

119 3157 225 3214 emicat
239 3157 268 3215 in
283 3169 395 3232 partem
409 3160 524 3234 sanguis
539 3157 618 3217 unde
633 3159 737 3216 icimur
751 3160 820 3229 ictu,
962 3172 1024 3224 1050

120 3246 187 3305 etsi
202 3249 365 3306 comminus
380 3259 432 3319 est,
447 3250 561 3307 hostem
576 3250 662 3306 ruber
675 3260 802 3324 occupat
816 3266 909 3306 umor.

120 3333 163 3394 sic
176 3336 262 3412 igitur
274 3339 396 3396 Veneris
411 3339 460 3413 qui
475 3340 538 3397 telis
552 3339 659 3414 accipit
673 3340 756 3410 ictus,

120 3424 180 3485 sive
193 3444 267 3503 puer
280 3429 417 3487 membris
431 3430 619 3488 muliebribus
633 3429 712 3487 hunc
725 3429 865 3500 iaculatur

567 3541 584 3593 9
