2498 3894
127 231 183 302 ΙΙ.]
366 231 422 284 DE
448 231 595 286 RERUM
623 231 797 287 NATURA
992 236 1034 303 37

126 395 353 469 inmensumque
365 403 465 470 patere
480 395 511 453 in
524 403 645 454 cunctas
658 394 790 471 undique
804 396 894 472 partis

126 487 254 562 pluribus
269 484 386 544 ostendi
400 495 430 543 et
444 494 524 543 certa
536 486 649 543 ratione
662 487 855 561 probatumst.

125 575 360 652 quodquoniam
375 585 498 648 constat,
513 576 649 633 nimirum
663 576 741 634 nulla
756 578 838 651 quies
853 588 897 637 est
998 597 1030 652 95

124 666 240 725 reddita
254 667 423 742 corporibus
438 667 537 742 primis
551 685 605 741 per
619 667 705 724 inane
720 667 910 742 profundum,

124 756 178 816 sed
192 757 284 832 magis
298 756 422 815 adsiduo
436 757 573 831 varioque
589 758 716 815 exercita
730 768 812 817 motu

124 847 228 922 partim
243 847 396 904 intervallis
410 847 522 922 magnis
536 847 664 905 confulta
677 848 826 920 resultant,

124 956 190 1012 pars
204 937 293 995 etiam
306 937 442 995 brevibus
456 937 554 1011 spatiis
568 947 708 995 vexantur
721 938 758 996 ab
773 939 843 998 ictu.

124 1037 155 1086 et
168 1045 372 1102 quaecumque
387 1028 479 1102 magis
493 1026 646 1086 condenso
661 1030 818 1089 conciliatu
985 1053 1030 1088 100

124 1119 235 1193 exiguis
248 1118 402 1176 intervallis
416 1126 559 1175 convecta
571 1118 720 1190 resultant,

122 1207 296 1283 indupedita
309 1209 366 1266 suis
380 1208 525 1283 perplexis
539 1207 603 1283 ipsa
616 1209 723 1284 figuris,

123 1299 197 1356 haec
211 1297 320 1357 validas
335 1298 397 1356 saxi
410 1296 524 1355 radices
539 1307 568 1356 et
582 1299 642 1356 fera
656 1298 723 1356 ferri

123 1407 248 1464 corpora
261 1388 441 1446 constituunt
455 1397 485 1446 et
498 1397 596 1446 cetera
610 1387 648 1446 de
662 1407 769 1464 genere
784 1389 887 1448 horum

122 1479 249 1554 paucula
261 1497 336 1554 quae
350 1496 437 1555 porro
452 1497 590 1554 magnum
604 1497 657 1554 per
670 1480 757 1537 inane
771 1490 919 1556 vagantur.
980 1500 1026 1552 105

124 1579 221 1627 cetera
234 1569 377 1627 dissiliunt
391 1570 477 1644 longe
493 1569 639 1645 longeque
653 1580 805 1629 recursant

123 1660 153 1718 in
167 1660 280 1734 magnis
293 1659 464 1717 intervallis:
488 1658 561 1716 haec
576 1660 643 1717 aera
656 1679 752 1718 rarum

123 1750 270 1808 sufficiunt
283 1749 368 1808 nobis
382 1758 412 1807 et
426 1748 580 1823 splendida
593 1749 702 1807 lumina
716 1751 793 1809 solis,

123 1840 271 1914 multaque
285 1849 435 1914 praeterea
448 1858 587 1915 magnum
601 1859 654 1915 per
667 1841 753 1899 inane
766 1853 915 1916 vagantur,

122 1930 253 1989 conciliis
267 1948 362 1987 rerum
377 1947 452 2005 quae
467 1938 535 1987 sunt
548 1931 656 1988 reiecta
669 1949 726 1989 nec
740 1949 863 2006 usquam
980 1955 1026 1989 110

122 2021 292 2079 consociare
307 2021 393 2078 etiam
408 2029 504 2078 motus
518 2030 641 2094 potuere
655 2030 783 2097 recepta.

121 2110 214 2182 cuius,
228 2110 271 2168 uti
284 2128 426 2182 memoro,
440 2110 482 2167 rei
496 2110 681 2168 simulacrum
696 2121 725 2169 et
739 2112 835 2188 imago

122 2211 190 2260 ante
205 2201 308 2259 oculos
323 2218 439 2276 semper
452 2201 537 2259 nobis
551 2211 680 2259 versatur
693 2211 722 2260 et
736 2203 830 2261 instat.

121 2291 335 2366 contemplator
349 2291 436 2363 enim,
451 2310 520 2348 cum
534 2291 602 2349 solis
616 2291 725 2349 lumina
738 2311 865 2368 cumque

120 2383 219 2441 inserti
233 2380 360 2440 fundunt
373 2381 445 2439 radii
459 2399 513 2456 per
527 2399 622 2456 opaca
636 2381 789 2440 domorum
803 2405 808 2440 :

120 2473 210 2532 multa
223 2472 337 2531 minuta
349 2471 446 2529 modis
460 2471 556 2530 multis
571 2488 624 2546 per
637 2472 724 2530 inane
738 2472 849 2532 videbis

120 2581 244 2639 corpora
258 2562 374 2621 misceri
386 2560 534 2620 radiorum
548 2562 657 2619 lumine
672 2562 702 2619 in
717 2563 781 2637 ipso

120 2664 150 2712 et
162 2655 241 2713 velut
254 2662 375 2712 aeterno
389 2652 547 2710 certamine
561 2652 672 2727 proelia
686 2670 798 2728 pugnas

119 2743 207 2802 edere
221 2744 367 2802 turmatim
383 2742 522 2801 certantia
535 2760 592 2800 nec
607 2741 677 2800 dare
691 2761 822 2817 pausam,

118 2834 249 2892 conciliis
264 2842 294 2892 et
307 2833 435 2892 discidiis
451 2832 578 2891 exercita
591 2832 698 2891 crebris
710 2853 719 2907 ;

119 2924 255 2982 conicere
268 2932 301 2982 ut
314 2925 406 2998 possis
421 2942 458 2982 ex
471 2923 538 2996 hoc,
552 2922 711 2999 primordia
723 2942 819 2984 rerum

118 3014 204 3088 quale
218 3013 298 3071 sitin
312 3032 420 3089 magno
435 3014 535 3072 iactari
549 3031 665 3089 semper
678 3013 767 3073 inani.

118 3103 270 3161 dumtaxat
282 3121 378 3162 rerum
392 3122 561 3179 magnarum
575 3122 664 3179 parva
676 3114 774 3180 potest
786 3123 833 3164 res

118 3193 284 3268 exemplare
298 3192 367 3251 dare
382 3203 413 3252 et
425 3195 544 3269 vestigia
558 3193 680 3253 notitiai.

118 3282 176 3342 hoc
190 3283 279 3341 etiam
292 3283 383 3359 magis
397 3283 471 3341 haec
484 3285 614 3343 animum
627 3295 657 3342 te
671 3283 821 3343 advertere
835 3303 889 3362 par
902 3296 946 3344 est
974 3306 1016 3358 125

117 3391 244 3450 corpora
256 3391 332 3448 quae
346 3374 377 3431 in
391 3373 458 3432 solis
471 3373 558 3433 radiis
572 3375 686 3433 turbare
699 3373 844 3448 videntur,

118 3462 201 3540 quod
213 3463 285 3524 tales
299 3463 400 3524 turbae
415 3473 512 3523 motus
526 3483 643 3540 quoque
658 3464 788 3523 materiai
