2498 3894
188 229 250 310 176
522 244 753 299 rueramus
1039 244 1089 316 [u.

183 417 213 466 et
227 408 321 465 facere
336 415 403 464 ante
416 404 494 465 viros
507 405 605 463 lanam
618 416 722 464 natura
735 405 832 480 coegit

183 515 271 572 quarn
286 497 425 555 muliebre
439 515 551 571 genus;
572 514 642 553 nam
656 497 742 572 longe
757 504 884 572 praestat
897 495 927 554 in
941 504 1002 554 arte
1026 514 1088 568 1355

183 597 213 645 et
227 588 367 645 sollertius
382 597 427 644 est
441 587 532 644 multo
546 605 638 661 genus
652 604 740 644 omne
755 587 853 659 virile;

182 678 324 752 agricolae
340 677 436 735 donec
450 676 520 734 vitio
533 686 644 734 vertere
658 676 759 747 severi,
948 737 949 740 Ἴ

182 778 214 825 ut
228 767 414 825 muliebribus
429 766 460 824 id
474 767 608 843 manibus
622 765 787 823 concedere
800 766 907 824 vellent

182 867 270 932 atque
285 858 340 932 ipsi
353 858 460 933 pariter
474 856 578 914 durum
593 857 710 913 sufferre
725 856 854 915 laborem

182 957 269 1021 atque
284 966 373 1022 opere
388 948 418 1004 in
433 946 506 1006 duro
521 946 658 1004 durarent
671 947 803 1004 membra
816 962 989 1022 manusque.
1024 953 1089 1017 1360

222 1040 261 1095 At
274 1038 422 1112 specimen
438 1037 555 1095 sationis
570 1047 600 1094 et
612 1037 754 1094 insitionis
769 1036 850 1110 origo
918 1061 921 1065 ⁷

181 1129 246 1202 ipsa
260 1129 312 1184 luit
326 1146 422 1184 rerum
437 1128 562 1201 primurn
578 1136 679 1183 natura
694 1127 824 1198 creatrix,

182 1218 331 1275 arboribus
345 1218 483 1292 quoniam
498 1218 588 1275 bacae
603 1215 781 1291 glandesque
796 1215 927 1275 caducae
990 1206 993 1211 ⁴

183 1310 357 1383 tempestiva
370 1307 480 1365 dabant
493 1307 638 1382 pullorum
653 1308 787 1364 examina
801 1317 918 1381 supter;

181 1397 260 1457 unde
276 1399 363 1455 etiam
377 1399 517 1456 libitumst
531 1398 625 1472 stirpis
639 1398 822 1455 committere
836 1398 922 1455 ramis

182 1498 212 1546 et
226 1506 302 1546 nova
316 1487 455 1546 defodere
471 1489 500 1545 in
514 1498 619 1545 terram
633 1486 754 1562 virgulta
766 1505 819 1562 per
832 1504 925 1562 agros.

181 1578 251 1636 inde
266 1579 351 1636 aliam
366 1588 454 1652 atque
469 1579 554 1636 aliam
569 1578 712 1635 culturam
726 1578 819 1634 dulcis
833 1578 916 1652 agelli

180 1670 364 1744 temptabant
378 1670 544 1744 fructusque
559 1669 634 1725 feros
650 1687 853 1726 mansuescere
869 1680 974 1727 terram

182 1760 342 1818 cernebant
355 1759 536 1834 indulgendo
550 1758 718 1832 blandeque
733 1759 870 1816 colendo

181 1849 270 1924 inque
286 1849 348 1907 dies
363 1850 454 1924 magis
469 1849 499 1907 in
513 1860 645 1907 montem
660 1848 818 1906 succedere
833 1849 917 1907 silvas

182 1941 328 2014 cogebant
342 1940 472 2014 infraque
488 1940 586 1997 locum
601 1939 766 1996 concedere
781 1940 873 2011 cultis,

182 2040 264 2105 prata
278 2030 356 2087 lacus
370 2031 445 2087 rivos
460 2040 572 2104 segetes
587 2031 742 2103 vinetaque
758 2030 833 2087 laeta

183 2121 303 2177 collibus
318 2130 346 2177 et
361 2121 472 2195 campis
487 2130 518 2177 ut
533 2121 681 2191 haberent,
696 2129 784 2194 atque
799 2121 928 2177 olearum

182 2211 296 2267 caerula
311 2210 490 2285 distinguens
506 2212 579 2267 inter
593 2211 677 2284 plaga
692 2229 805 2268 currere
820 2219 918 2284 posset

182 2318 235 2374 per
248 2301 374 2357 tumulos
389 2311 419 2357 et
433 2301 570 2358 convallis
586 2319 766 2374 camposque
782 2301 916 2375 prosusa;

182 2400 215 2447 ut
229 2409 308 2447 nunc
323 2408 385 2448 esse
399 2390 481 2448 vides
495 2392 574 2448 vario
589 2389 726 2448 distincta
739 2391 838 2465 lepore
862 2412 864 2416 ’

183 2482 290 2551 omnia,
306 2498 381 2554 quae
395 2482 491 2556 pomis
506 2481 633 2538 intersita
647 2480 780 2538 dulcibus
796 2490 900 2539 omant

183 2572 362 2645 arbustisque
377 2580 479 2628 tenent
492 2571 622 2629 felicibus
638 2572 733 2646 opsita
748 2571 867 2630 circum.

223 2663 261 2718 At
276 2661 399 2734 liquidas
414 2662 510 2718 avium
524 2680 612 2719 voces
627 2663 763 2718 imitarier
777 2680 827 2719 ore

183 2760 250 2810 ante
264 2752 317 2807 suit
331 2752 423 2808 multo
438 2770 525 2825 quam
540 2753 615 2809 levia
629 2753 759 2808 carmina
773 2761 861 2809 cantu

183 2841 389 2898 concelebrare
403 2842 537 2899 homines
551 2851 673 2917 possent
687 2842 820 2917 aurisque
835 2842 942 2899 iuvare.

184 2940 214 2988 et
228 2931 354 3006 zephyri,
371 2950 441 2989 cava
455 2950 508 3007 per
523 2932 708 3001 calamorum,
727 2933 809 2990 sibila
823 2932 949 3007 primum

183 3022 301 3095 agrestis
316 3020 443 3079 docuere
459 3041 544 3079 cavas
560 3022 657 3079 inflare
673 3022 792 3080 cicutas.

184 3110 253 3168 inde
267 3112 431 3168 minutatim
446 3111 539 3169 duleis
554 3112 683 3169 didicere
698 3114 848 3187 querellas,

183 3201 253 3258 tibia
267 3218 338 3275 quas
354 3201 449 3258 fundit
463 3201 558 3276 digitis
573 3203 686 3276 pulsata
700 3212 866 3272 canentum,
1027 3210 1088 3274 1385

183 3290 248 3346 avia
261 3308 313 3364 per
326 3309 447 3348 nemora
460 3309 495 3347 ac
509 3291 592 3349 silvas
607 3292 751 3366 saltusque
766 3301 888 3366 reperta,

183 3398 236 3454 per
249 3380 314 3436 loca
327 3390 475 3453 pastorum
489 3380 603 3438 deserta
617 3390 704 3455 atque
718 3382 778 3440 otia
791 3382 848 3438 dia.

185 3470 258 3527 haec
272 3470 384 3527 animos
400 3471 463 3528 ollis
478 3472 644 3530 mulcebant
658 3481 744 3546 atque
760 3472 897 3531 iuvabant
1027 3493 1091 3546 1390
