2498 3894
119 211 187 282 VI.]
364 211 419 264 DE
445 211 592 265 RERUM
621 211 791 265 NATURA
967 200 1028 280 189

119 381 150 429 et
163 370 271 429 validas
286 381 372 446 auget
385 371 452 428 viris
467 380 496 429 et
510 371 626 428 roborat
641 371 740 429 ictum.

119 480 187 520 nam
204 463 270 519 facit
283 472 315 519 ut
329 480 404 536 quae
419 462 474 519 sint
490 461 562 519 illius
576 462 688 518 semina
701 479 829 536 cumque

119 570 136 610 e
150 553 269 626 regione
284 552 382 610 locum
398 553 479 625 quasi
493 552 523 608 in
539 570 629 608 unum
643 562 749 608 cuncta
763 553 898 624 ferantur,

120 644 221 700 omnia
235 642 384 699 coniciens
400 643 429 698 in
443 660 511 698 eum
525 642 669 698 volventia
683 660 809 700 cursum.

121 734 240 790 forsitan
255 751 291 790 ex
306 733 370 806 ipso
385 733 504 789 veniens
518 731 611 788 trahat
625 732 691 788 ae're
706 731 853 806 quaedam

121 841 246 897 corpora
259 840 334 896 quae
349 822 439 899 plagis
454 820 616 879 incendunt
630 822 830 881 mobilitatem.

121 913 334 986 incolumisque
348 913 428 969 venit
442 931 494 986 per
508 931 553 969 res
569 922 655 985 atque
670 912 781 986 integra
795 911 896 969 transit

120 1004 221 1073 multa,
237 1003 425 1060 foraminibus
439 1001 565 1076 liquidus
580 1002 650 1076 quia
663 1002 818 1059 transvolat
833 1003 916 1076 ignis.

120 1093 270 1166 multaque
286 1092 444 1167 perfringit,
461 1111 529 1148 curn
544 1110 668 1166 corpora
682 1091 808 1148 fulminis
822 1093 886 1166 ipsa
979 1110 1028 1162 350

120 1185 291 1258 corporibus
307 1201 403 1240 rerum
418 1181 591 1252 inciderunt,
607 1200 665 1255 qua
680 1191 759 1238 texta
773 1191 918 1242 tenentur.

121 1273 254 1330 dissoluit
268 1291 355 1348 porro
371 1273 453 1329 facile
467 1290 517 1329 aes
531 1290 692 1346 aurumque
707 1282 828 1346 repente

121 1364 335 1434 confervefacit,
351 1381 367 1420 e
382 1362 475 1437 parvis
491 1362 559 1436 quia
573 1363 650 1419 facta
664 1363 774 1420 minute

120 1455 291 1528 corporibus
306 1454 347 1510 vis
362 1464 406 1510 est
420 1463 449 1510 et
463 1453 572 1511 levibus
587 1471 625 1509 ex
639 1453 800 1525 elementis,

121 1562 196 1618 quae
212 1545 294 1601 facile
310 1544 489 1601 insinuantur
502 1552 532 1600 et
547 1544 690 1600 insinuata
703 1553 825 1618 repente

121 1633 282 1692 dissoluont
298 1634 393 1692 nodos
408 1634 503 1691 omnis
518 1642 548 1691 et
560 1634 656 1691 vincla
670 1634 807 1692 relaxant.

121 1734 321 1798 autumnoque
336 1724 427 1799 magis
442 1723 529 1781 stellis
544 1723 718 1798 fulgentibus
733 1733 802 1798 apta

122 1816 289 1871 concutitur
302 1815 375 1871 caeli
390 1814 496 1872 domus
511 1813 640 1888 undique
655 1824 773 1888 totaque
789 1815 881 1887 tellus,

123 1915 233 1963 etcum
249 1915 381 1979 tempora
395 1923 425 1962 se
440 1905 514 1962 veris
529 1905 662 1962 florentia
675 1904 817 1978 pandunt.

121 1996 225 2070 frigore
241 1996 319 2052 enim
335 1995 440 2052 desunt
455 1995 537 2069 ignes
552 1995 690 2068 ventique
705 1995 801 2052 calore

123 2085 264 2143 deficiunt
278 2104 374 2159 neque
390 2095 457 2142 sunt
471 2096 530 2141 tam
544 2085 638 2141 denso
653 2102 776 2158 corpore
791 2085 894 2143 nubes·

121 2177 333 2249 interutrasque
348 2176 432 2250 igitur
445 2193 514 2231 cum
528 2175 599 2230 caeli
617 2185 749 2248 tempora
764 2183 909 2246 constant,

120 2275 183 2323 tum
197 2268 291 2322 variae
307 2283 411 2322 causae
425 2274 603 2321 concurrunt
618 2264 744 2321 fulminis
757 2283 871 2322 omnes

120 2375 189 2414 nam
205 2357 293 2412 fretus
307 2355 368 2428 ipse
384 2355 450 2411 anni
467 2354 623 2428 permiscet
637 2355 724 2428 frigus
741 2363 770 2410 et
785 2364 907 2425 aestum,

121 2465 246 2520 quorum
254 2455 490 2518 utrumqueopus
498 2454 542 2501 est
550 2443 760 2501 fabricandaad
770 2443 974 2516 fulminanubi,
979 2450 1026 2516 365

120 2547 154 2593 ut
168 2534 315 2593 discordia
328 2535 364 2591 sit
379 2553 474 2590 rerum
489 2552 655 2608 magnoque
669 2534 795 2591 tumultu

120 2627 235 2701 ignibus
249 2634 279 2682 et
292 2625 385 2682 ventis
400 2615 570 2682 furibundus
585 2624 705 2682 fluctuet
718 2628 777 2684 aer.

121 2718 215 2791 prima
228 2714 332 2774 caloris
346 2715 424 2772 enim
440 2733 505 2789 pars
520 2724 550 2771 et
564 2725 712 2788 postrema
725 2714 835 2790 rigoris,

121 2816 238 2880 tempus
253 2805 283 2862 id
296 2815 340 2862 est
354 2824 495 2877 vernum,
513 2823 602 2878 quare
618 2823 746 2879 pugnare
761 2812 910 2863 necessest

122 2896 266 2957 dissimilis
279 2915 324 2954 res
339 2896 412 2953 inter
426 2914 457 2953 se
472 2896 644 2968 turbareque
659 2895 771 2952 mixtas.
979 2913 1029 2964 370

124 2998 154 3044 et
168 2986 247 3042 calor
261 2996 406 3043 extremus
420 2986 515 3060 primo
529 3004 598 3042 cum
612 2984 715 3059 frigore
730 2985 836 3041 mixtus

122 3076 253 3145 volvitur,
268 3076 399 3132 autumni
413 3075 495 3150 quod
509 3076 596 3133 fertur
610 3075 729 3132 nomine
743 3084 868 3149 tempus,

123 3165 172 3224 hic
186 3184 304 3241 quoque
319 3166 478 3240 confligunt
492 3166 604 3223 hiemes
618 3164 776 3222 aestatibus
790 3182 882 3222 acres.

124 3266 279 3332 propterea
292 3257 364 3313 freta
377 3266 444 3313 sunt
458 3257 531 3314 haec
546 3255 614 3312 anni
630 3255 842 3327 nominitanda,

124 3365 181 3405 nec
195 3347 336 3417 mirumst,
352 3347 382 3404 in
397 3365 433 3404 eo
448 3347 471 3404 si
487 3356 619 3420 tempore
634 3346 757 3420 plurima
771 3346 844 3403 fiunt
980 3359 1028 3416 375

124 3437 245 3497 fulmina
258 3446 473 3512 tempestasque
488 3437 581 3495 cietur
593 3435 711 3496 turbida
723 3436 815 3510 cae10,
