2498 3894
122 232 183 294 124
451 223 683 279 LUCRETIUS
955 219 1023 291 [iv.

118 408 283 450 sermonem
297 389 449 464 multoque
463 397 578 446 creatae
592 396 660 445 sunt
674 386 752 462 prius
766 390 850 444 aures

118 500 206 557 quam
221 499 310 538 sonus
324 489 368 537 est
382 479 506 549 auditus,
521 489 551 535 et
565 479 665 535 omnia
679 477 808 552 denique
822 476 956 536 membra
975 483 1026 546 840

118 582 186 630 ante
201 572 289 642 fuere,
304 581 336 627 ut
350 571 463 644 opinor,
479 587 581 626 eorum
596 587 685 644 quam
699 569 774 626 foret
788 586 877 642 usus3

118 661 198 720 haud
212 661 297 735 igitur
310 671 431 735 potuere
446 658 547 716 utendi
561 676 693 716 crescere
708 676 804 716 causa.

118 762 148 810 at
163 761 265 809 contra
279 750 409 808 conferre
424 767 512 806 manu
527 749 687 806 certamina
700 765 817 823 pugnae

119 851 149 899 et
162 842 287 898 lacerare
302 851 379 896 artus
394 838 572 913 foedareque
588 838 719 896 membra
734 855 835 895 cruore

119 942 186 989 ante
202 931 254 988 fuit
267 931 358 987 multo
373 948 461 1004 quam
476 929 573 986 lucida
587 929 643 986 tela
658 929 796 1000 volarent,
978 935 1027 999 845

120 1032 150 1079 et
163 1022 266 1078 volnus
280 1021 367 1077 vitare
382 1020 460 1093 prius
475 1030 577 1077 natura
591 1019 687 1094 coegit

121 1130 210 1186 quam
225 1111 306 1168 daret
321 1111 469 1167 obiectum
484 1110 594 1185 parmai
609 1111 690 1167 laeva
705 1127 757 1183 per
771 1118 872 1166 artem.

121 1203 232 1260 scilicet
246 1210 275 1257 et
289 1201 397 1257 sessum
412 1219 519 1274 corpus
533 1200 672 1257 mandare
687 1199 777 1272 quieti

121 1292 214 1349 multo
229 1291 374 1364 antiquius
388 1300 432 1348 est
447 1309 535 1364 quam
550 1290 617 1346 lecti
632 1289 730 1346 mollia
744 1298 840 1360 strata,

122 1393 152 1440 et
166 1382 268 1439 sedare
283 1382 359 1438 sitim
374 1381 453 1454 prius
468 1389 512 1437 est
526 1398 614 1453 quam
628 1379 734 1454 pocula
748 1389 859 1436 natum.
978 1384 1029 1447 850

123 1472 197 1530 haec
211 1472 296 1546 igitur
310 1480 431 1545 possunt
445 1469 546 1527 utendi
561 1470 679 1543 cognita
693 1488 780 1527 causa

123 1561 244 1633 credier,
260 1579 296 1618 ex
311 1579 365 1617 usu
379 1579 454 1634 quae
469 1569 536 1617 sunt
550 1560 664 1632 vitaque
680 1569 801 1633 reperta.

123 1654 171 1711 illa
185 1653 304 1728 quidem
319 1671 450 1710 seorsum
465 1662 531 1710 sunt
546 1652 645 1709 omnia
658 1669 732 1725 quae
748 1652 826 1724 prins
840 1650 903 1724 ipsa

124 1754 193 1801 nata
206 1742 314 1801 dedere
330 1761 397 1800 suae
412 1753 480 1818 post
493 1742 628 1800 notitiam
642 1741 777 1798 utilitatis.

124 1852 185 1909 quo
199 1851 305 1908 genere
320 1833 350 1890 in
365 1834 463 1908 primis
478 1851 578 1890 sensus
593 1841 622 1889 et
636 1832 769 1900 membra
781 1828 934 1901 videmus3
982 1837 1030 1901 855

125 1942 214 1999 quare
229 1924 316 1980 etiam
331 1935 418 1998 atque
433 1924 519 1981 etiam
535 1922 637 1996 procul
651 1931 741 1979 estut
755 1919 874 1978 credere
889 1920 983 1994 possis

125 2014 253 2071 utilitatis
268 2015 307 2071 oh
322 2015 449 2071 officium
466 2015 594 2088 potuisse
610 2010 724 2090 creari]

168 2102 257 2182 [Illud
272 2105 340 2160 item
356 2114 474 2162 nonest
489 2103 663 2174 mirandum,
679 2102 808 2177 corporis
822 2101 885 2176 ipsa

126 2194 208 2269 quod
223 2204 325 2251 natura
339 2196 436 2252 cibum
452 2195 564 2269 quaerit
578 2195 719 2267 cuiusque
734 2192 896 2249 animantis

127 2285 237 2359 quippe
252 2286 361 2342 etenim
376 2286 464 2342 fluere
479 2294 566 2358 atque
581 2284 721 2341 recedere
736 2301 859 2357 corpora
874 2280 961 2338 rebus
983 2284 1039 2336 860·

127 2376 218 2432 multa
232 2376 328 2432 modis
342 2377 438 2433 multis
452 2375 550 2448 docui,
566 2375 619 2432 sed
634 2375 757 2449 plurima
770 2373 881 2430 debent

127 2483 164 2522 ex
179 2466 353 2524 animalibu’.
376 2484 450 2539 quae
466 2467 534 2540 quia
548 2475 615 2523 sunt
629 2465 756 2522 exercita
769 2473 859 2530 motu,

127 2559 276 2632 multaque
291 2577 343 2634 per
357 2560 493 2617 sudorem
509 2560 617 2616 exalto
633 2577 732 2634 pressa
745 2558 882 2620 feruntur,

127 2649 218 2705 multa
232 2667 286 2723 per
300 2667 333 2706 os
348 2650 523 2718 exhalantur,
538 2668 606 2706 cum
622 2648 758 2722 languida
771 2648 918 2717 anhelant,

128 2739 172 2796 his
187 2739 272 2813 igitur
285 2740 370 2796 rebus
384 2741 502 2797 rarescit
516 2757 621 2813 corpus
636 2749 665 2795 et
680 2739 774 2795 omnis
983 2742 1032 2807 865

129 2830 273 2887 subruitur
287 2840 388 2887 natura
400 2850 407 2901 3
429 2829 513 2887 dolor
527 2848 613 2904 quam
630 2829 818 2902 consequitur
831 2845 903 2884 rem.

128 2929 284 2994 propterea
298 2921 408 2994 capitur
422 2921 505 2977 cibus
518 2929 551 2976 ut
565 2919 707 2977 suffulciat
721 2930 799 2976 artus

130 3019 160 3066 et
173 3019 285 3067 recreet
299 3011 372 3068 vires
386 3010 545 3067 interdatus
561 3022 647 3084 atque
662 3020 811 3084 patentem

129 3117 182 3174 per
196 3100 327 3158 membra
341 3119 375 3156 ac
389 3119 478 3158 venas
493 3111 524 3157 ut
538 3119 667 3157 amorem
682 3109 798 3174 opturet
813 3097 931 3156 edendi.

129 3208 215 3247 umor
229 3190 299 3246 item
314 3190 440 3247 discedit
454 3192 484 3248 in
499 3192 598 3248 omnia
612 3209 686 3266 quae
701 3190 768 3247 loca
781 3205 909 3262 cumque
983 3195 1034 3255 870

130 3290 257 3357 poscunt
271 3299 403 3337 umorem
416 3301 424 3352 ;
445 3281 644 3355 glomeratque
660 3281 751 3338 multa
764 3280 878 3355 vaporis

130 3387 263 3446 corpora,
279 3389 353 3445 quae
369 3371 520 3428 stomacho
534 3372 675 3445 praebent
689 3370 826 3428 incendia
839 3377 949 3439 nostr0,

131 3461 261 3536 dissupat
276 3461 435 3519 adveniens
449 3460 544 3535 liquor
558 3479 592 3518 ac
606 3461 755 3535 restinguit
769 3470 801 3518 ut
815 3460 922 3535 ignem,
