2498 3894
123 261 182 324 188
452 270 686 327 Lucaarrus
954 266 1043 363 [vn.

118 435 228 493 fervida
240 433 273 493 fit
286 435 367 510 glans
381 433 412 491 in
426 451 522 503 cursu,
536 451 605 490 cum
621 431 712 490 multa
724 430 826 506 rigoris

119 544 243 601 corpora
257 524 405 582 dimittens
420 525 517 599 ignem
533 523 670 598 concepit
685 522 814 580 inauris

118 617 151 674 fit
165 634 283 691 quoque
299 625 330 673 ut
345 615 434 689 ipsius
449 615 550 689 plagae
565 614 607 670 vis
622 612 730 670 excitet
745 613 852 686 ignem,

117 705 220 780 frigida
234 724 301 762 cum
316 705 393 763 venti
408 704 519 779 pepulit
533 704 575 761 vis
590 703 678 760 missa
692 703 753 760 sine
768 701 837 777 igni,
976 719 1027 770 3¹0

117 796 252 852 nimirum
268 796 344 868 quia,
360 813 428 852 cum
442 795 569 851 vementi
584 794 708 867 perculit
722 793 791 864 ictu,

118 885 265 943 confluere
280 903 317 942 ex
331 886 395 959 ipso
410 893 532 958 possunt
546 884 691 941 elementa
704 882 818 956 vaporis

119 986 148 1033 et
162 976 246 1033 simul
261 993 297 1032 ex
311 975 358 1032 illa
372 992 447 1048 quae
462 984 524 1031 tum
538 993 583 1031 res
598 974 706 1048 excipit
720 973 831 1044 ictum;

117 1076 151 1124 ut
164 1065 291 1140 lapidem
306 1065 381 1123 ferro
396 1083 464 1121 curn
479 1064 638 1135 caedimus,
654 1062 749 1121 evolat
763 1062 846 1137 igniS,

119 1175 186 1228 nec,
201 1155 282 1232 quod
291 1155 399 1230 frigida
411 1156 453 1213 vis
468 1155 568 1226 ferrist‚
583 1155 640 1211 hoc
655 1154 743 1212 setius
758 1153 797 1210 illi

119 1248 231 1305 semina
244 1255 421 1304 concurrunt
435 1243 520 1302 calidi
534 1244 650 1319 fulgoris
664 1243 703 1301 ad
716 1244 817 1301 ictum.

119 1337 161 1395 sic
175 1337 260 1410 igitur
274 1354 392 1410 quoque
407 1354 452 1392 res
467 1333 591 1392 accendi
606 1334 725 1391 fulmine
740 1333 840 1403 debet,

119 1436 285 1502 opportuna
297 1425 350 1483 fuit
364 1425 386 1482 si
402 1425 474 1483 forte
490 1435 519 1482 et
533 1425 641 1483 idonea
654 1424 786 1482 flammis.

119 1535 176 1574 nec
189 1525 299 1574 temere
313 1516 435 1574 omnino
449 1517 535 1590 plane
550 1517 592 1573 vis
607 1513 709 1589 frigida
722 1513 801 1570 venti

119 1625 183 1666 esse
197 1616 303 1682 potest,
319 1623 443 1680 eaquae
458 1615 539 1662 tanta
552 1605 578 1662 vi
594 1604 681 1662 missa
694 1611 856 1677 supernest,

120 1699 199 1774 quin,
214 1698 292 1772 prius
307 1697 336 1754 in
351 1715 436 1753 cursu
451 1697 475 1752 si
489 1714 549 1753 non
563 1694 733 1753 accenditur
748 1694 815 1769 igni,

121 1797 152 1846 at
165 1789 311 1862 tepefacta
323 1796 420 1843 tamen
436 1786 532 1844 veniat
546 1785 704 1842 commixta
718 1785 823 1843 calore.

161 1878 310 1935 Mobilitas
324 1886 422 1934 autern
437 1877 469 1933 fit
484 1876 609 1933 fulminis
624 1886 653 1933 et
666 1874 759 1950 gravis
774 1875 857 1944 ictuS,

120 1977 150 2025 et
164 1968 250 2024 celeri
265 1968 354 2024 ferme
369 1976 539 2040 percurrunt
554 1966 673 2023 fulmina
687 1962 778 2040 lapsu,

120 2058 246 2115 nubibus
260 2058 323 2131 ipsa
337 2055 418 2130 quod
433 2057 556 2114 omnino
573 2056 651 2130 prius
666 2056 755 2112 incita
768 2073 799 2112 se
814 2052 856 2112 vis
978 2071 1026 2125 325

121 2148 230 2222 colligit
243 2157 273 2205 et
287 2165 425 2220 magnum
440 2164 586 2202 conamen
601 2146 688 2202 sumit
702 2142 801 2214 eundi,

120 2237 189 2295 inde
204 2239 253 2296 ubi
268 2256 328 2293 non
344 2237 438 2310 potuit
453 2237 545 2293 nubes
560 2254 664 2309 capere
679 2236 784 2309 inpetis
799 2243 926 2308 auctum,

121 2328 290 2403 exprimitur
304 2328 345 2383 vis
360 2335 447 2400 atque
463 2326 531 2383 ideo
546 2327 623 2383 volat
638 2326 746 2400 impete
761 2326 845 2394 mir0,

121 2429 153 2476 ut
166 2418 266 2475 validis
280 2436 355 2491 quae
371 2415 408 2473 de
424 2418 573 2474 tormentis
588 2417 675 2473 missa
690 2417 827 2473 feruutur.

121 2507 199 2566 adde
214 2507 295 2581 quod
310 2525 326 2564 e
341 2507 434 2581 parvis
450 2517 478 2563 et
492 2506 602 2563 levibus
618 2516 661 2563 est
676 2506 836 2577 elementis,

121 2617 177 2655 nec
192 2598 301 2654 facilest
315 2597 363 2654 tali
378 2607 495 2654 naturae
511 2597 651 2670 opsistere
666 2597 845 2671 quicquam,

121 2689 196 2746 inter
210 2689 288 2745 enirn
304 2687 374 2761 fugit
389 2706 423 2743 ac
439 2697 571 2762 penetrat
586 2705 713 2761 perrara
727 2688 847 2758 viarum,

122 2797 184 2835 non
200 2778 285 2851 igitur
298 2777 395 2833 multis
410 2777 566 2835 offensibus
581 2778 611 2833 in
625 2776 800 2834 remorando

122 2868 253 2936 haesitat,
269 2867 344 2924 hanc
359 2867 475 2924 obrem
490 2867 574 2924 celeri
590 2868 667 2923 volat
681 2867 790 2942 impete
805 2866 913 2924 labens.

122 2957 240 3028 deinde,
256 2956 337 3031 quod
352 2958 471 3014 omnino
486 2967 588 3014 natura
601 2956 734 3031 pondera
748 2956 886 3015 deorsum
978 2975 1027 3028 335

122 3049 221 3106 omnia
236 3048 372 3117 nituntur,
388 3066 456 3104 cum
470 3048 582 3122 plagast
596 3046 696 3104 addita
709 3065 787 3117 ver0,

122 3138 267 3196 mobilitas
282 3137 446 3212 duplicatur
460 3147 488 3194 et
503 3138 628 3211 impetus
643 3138 689 3194 ille
702 3137 852 3212 gravescit,

121 3239 154 3285 ut
167 3228 329 3285 vementius
344 3237 374 3285 et
388 3229 472 3285 citius
487 3245 691 3302 quaecumque
707 3236 855 3284 morantur

122 3318 208 3376 obvia
222 3317 358 3374 discutiat
372 3317 463 3392 plagis
478 3318 619 3392 itinerque
634 3327 778 3392 sequatur.

123 3409 250 3482 denique
265 3407 347 3482 quod
361 3407 450 3482 longo
463 3408 543 3465 venit
557 3408 674 3483 impete,
690 3425 804 3466 sumere
818 3405 909 3464 debet
978 3424 1030 3478 340

122 3500 312 3558 mobilitatem
326 3499 414 3557 etiam
428 3508 515 3574 atque
530 3499 627 3570 etiam,
642 3517 716 3574 quae
731 3498 834 3556 crescit
847 3494 948 3555 eundo
