2498 3894
176 191 245 262 vt]
416 190 471 242 oa
497 189 643 244 nanum
671 189 844 244 NATURA
1021 193 1076 257 191

120 420 123 427 Ι
176 352 310 410 mittere?
330 369 368 409 an
383 351 440 409 hoe
454 351 531 409 ausis
545 369 706 426 numquam
720 348 901 409 contendere
914 352 1033 424 factum,

175 453 208 500 ut
222 443 324 500 fierent
338 442 412 500 ictus
427 460 487 500 uno
501 442 555 500 sub
569 450 702 516 ternpore
716 443 833 517 plures?

175 543 205 591 at
219 543 333 607 saepest
347 550 470 589 numero
485 534 593 589 factum
608 532 727 607 fierique
742 541 899 605 necessest,

174 632 207 680 ut
221 623 320 698 pluere
335 623 364 680 in
379 622 475 680 multis
489 622 656 697 regionibus
671 632 700 680 et
714 623 819 680 cadere
834 623 942 695 imbris,
1031 645 1060 691 41
1065 641 1078 694 5

174 713 294 771 fulmina
308 714 350 771 sic
363 733 423 771 uno
437 713 499 770 fieri
514 713 567 770 sub
582 724 715 789 tempore
730 714 829 772 multa.

174 815 322 879 postremo
337 822 390 861 cur
403 815 503 861 sancta
517 804 605 862 deum
621 804 742 862 delubra
756 821 880 879 suasque

93 898 95 902 ’
174 894 292 952 discutit
305 894 411 951 infesto
425 894 585 968 praeclaras
601 895 719 952 fulmine
735 893 820 953 sedes

174 996 204 1044 et
216 987 293 1044 bene
307 987 384 1044 sacta
398 987 487 1043 deum
501 987 606 1061 frangit
620 987 772 1044 simulacra
785 988 903 1061 suisque

173 1075 266 1134 demit
279 1076 452 1152 imaginibus
465 1077 594 1134 violento
608 1077 725 1135 volnere
741 1077 906 1134 honorem?
1030 1096 1080 1144 420

173 1166 288 1240 altaque
302 1186 355 1224 cur
368 1168 538 1241 plerumque
553 1167 626 1241 petit
640 1168 705 1225 loca
718 1167 899 1242 plurimaque
915 1166 977 1224 eius

173 1257 321 1315 montibus
335 1257 365 1313 in
380 1257 498 1315 summis
513 1257 633 1332 vestigia
646 1257 791 1314 cernimus
805 1257 900 1330 ignis?

214 1346 304 1420 Quod
319 1357 458 1421 superest,
474 1346 584 1404 facilest
598 1365 634 1404 ex
648 1347 692 1405 his
706 1365 885 1421 cognoscere
901 1346 997 1418 rebus,

173 1447 314 1512 presteras
329 1437 399 1496 Grai
413 1455 487 1511 quos
501 1438 538 1495 ab
552 1456 583 1495 re
597 1438 815 1508 nominitamnt,

173 1528 203 1586 in
219 1547 298 1585 mare
313 1546 372 1602 qua
385 1528 464 1585 missi
477 1527 595 1585 veniant
608 1528 719 1585 ratione
733 1545 867 1602 superne.
1029 1542 1077 1595 425

173 1635 243 1676 nam
256 1619 289 1676 fit
302 1628 334 1675 ut
348 1618 492 1677 interdum
506 1627 655 1692 tamquam
670 1617 797 1676 demissa
810 1617 949 1675 columna

174 1709 204 1766 in
217 1726 296 1766 mare
310 1709 348 1766 de
363 1708 445 1766 caelo
460 1707 630 1780 descendat,
645 1727 732 1783 quam
748 1709 820 1766 freta
833 1708 944 1764 circum

174 1799 337 1857 fervescunt
351 1800 473 1874 graviter
487 1799 661 1874 spirantibus
676 1799 764 1856 incita
778 1799 883 1870 flabris

174 1899 204 1947 et
218 1907 421 1964 quaecumque
438 1890 467 1946 in
482 1907 519 1946 eo
533 1899 594 1946 tum
610 1890 667 1946 sint
681 1888 826 1964 deprensa
840 1888 964 1946 tumultu

173 1981 286 2054 navigia
300 1980 328 2036 in
343 1998 489 2036 summurn
504 1980 622 2036 veniant
635 1988 738 2036 vexata
752 1979 903 2054 periclum.
1028 1997 1078 2047 430

174 2070 231 2127 hoc
246 2071 278 2127 fit
292 2070 341 2127 ubi
356 2069 500 2126 interdum
516 2087 576 2126 non
592 2069 655 2141 quit
667 2069 709 2126 vis
724 2069 812 2126 incita
825 2069 905 2126 venti

173 2178 307 2235 rumpere
322 2178 409 2234 quam
425 2159 523 2233 coepit
537 2159 657 2229 nubem,
672 2157 725 2216 sed
740 2158 887 2232 deprimit,
901 2168 933 2216 ut
947 2158 985 2216 sit

174 2251 204 2308 in
219 2269 296 2307 mare
311 2250 350 2307 de
365 2249 446 2306 caelo
461 2259 610 2322 tamquam
625 2248 751 2305 demissa
764 2248 911 2320 columna,

174 2341 321 2415 paulatim,
337 2339 418 2412 quasi
433 2338 504 2412 quid
519 2356 618 2412 pugno
633 2338 810 2412 bracchique
824 2355 950 2413 superne

174 2431 309 2488 coniectu
325 2428 456 2486 trudatur
469 2439 499 2485 et
513 2427 685 2485 extendatur
698 2428 728 2485 in
742 2427 836 2486 undas
847 2448 856 2500 3
1029 2445 1077 2499 435

175 2538 263 2595 quam
279 2537 347 2575 cum
361 2518 487 2588 discidit,
502 2519 570 2575 hinc
584 2518 780 2592 prorumpitur
795 2519 824 2574 in
838 2535 917 2576 mare
931 2517 1012 2576 venti
1073 2553 1075 2557 <

173 2611 216 2667 vis
230 2619 260 2666 et
274 2609 415 2665 fervorem
429 2609 532 2667 mirum
548 2608 705 2666 concinnat
719 2608 750 2666 in
763 2607 869 2680 undis;

174 2697 372 2757 versabundus
387 2699 464 2756 enim
480 2699 564 2757 turbo
579 2697 733 2756 descendit
748 2707 778 2757 et
792 2698 868 2756 illam

175 2789 295 2848 deducit
309 2791 415 2864 pariter
428 2791 507 2848 lento
522 2808 590 2849 cum
605 2807 727 2864 corpore
742 2790 851 2847 nubem
863 2809 871 2861 3

175 2899 263 2954 quam
278 2881 411 2937 simulac
425 2880 572 2955 gravidam
587 2879 707 2938 detrusit
721 2879 759 2938 ad
773 2898 901 2955 aequora
914 2878 1008 2955 ponti,
1029 2898 1079 2947 44ο

175 2971 221 3028 ille
237 2971 266 3027 in
281 2989 385 3044 aquam
401 2972 496 3029 subito
511 2981 605 3029 toturn
620 2989 651 3029 se
666 2971 784 3028 inmittit
799 2979 828 3027 et
843 2987 931 3027 omne

176 3061 283 3118 excitat
298 3061 405 3136 ingenti
420 3062 516 3118 sonitu
531 3079 610 3119 mare
626 3063 735 3119 fervere
750 3078 867 3134 cogens.

176 3151 208 3208 fit
222 3169 340 3225 quoque
354 3161 387 3208 ut
401 3151 525 3209 involvat
538 3151 616 3208 venti
631 3170 662 3210 se
676 3150 802 3209 nubibus
817 3150 879 3224 ipse

175 3251 274 3298 vertex
288 3240 451 3299 conradens
466 3260 503 3298 ex
517 3244 584 3299 aere
599 3241 712 3298 semina
726 3240 811 3298 nubis

176 3341 208 3390 et
222 3331 304 3407 quasi
318 3330 476 3389 demissum
491 3330 574 3389 caelo
588 3340 716 3406 prestera
730 3331 866 3388 imitetur.
1030 3347 1078 3400 445

177 3421 225 3480 hic
238 3422 287 3480 ubi
302 3439 333 3478 se
348 3421 379 3479 in
393 3431 481 3480 terras
495 3419 611 3479 demisit
625 3418 825 3496 dissoluitque‚
