2498 3894
121 243 161 319 38
450 246 681 308 Lucnsrrus
966 255 1022 325 [11.

121 415 285 490 significant
299 413 496 472 clandestinos
510 431 674 490 caecosque
688 414 816 473 subesse.

120 506 211 563 multa
224 505 335 563 videbis
350 506 428 563 enim
442 505 533 580 plagis
547 505 587 562 ibi
601 505 712 580 percita
725 506 821 563 caecis

120 606 301 654 commutare
315 595 390 652 viam
404 606 540 672 retroque
554 597 669 670 repulsa
681 597 785 654 reverti

119 705 198 744 nunc
213 686 270 743 huc
283 704 363 743 nunc
377 686 444 743 illuc
457 687 487 742 in
502 698 621 743 cunctas
635 679 765 761 undique
779 686 876 761 partis

119 778 229 834 scilicet
244 777 291 834 hic
305 795 323 834 a
336 776 483 852 principiis
498 786 541 834 est
554 777 690 834 omnibus
705 795 791 834 error.

47 916 50 921 .
119 868 213 942 prima
226 877 380 925 moventur
393 867 472 924 enim
486 883 539 942 per
553 884 583 924 se
598 866 757 941 primordia
770 885 885 940 rerum,

120 957 188 1015 inde
203 976 239 1015 ea
253 958 328 1033 quae
342 976 432 1033 parvo
446 965 514 1015 sunt
527 974 652 1032 corpora
664 957 819 1015 conciliatu
852 1033 853 1036 Ἴ

120 1057 149 1105 et
164 1049 246 1122 quasi
260 1049 392 1122 proxima
405 1057 473 1106 sunt
486 1046 526 1105 ad
538 1048 605 1106 viris
618 1048 837 1122 principiorum,
860 1046 861 1049 ’

119 1138 223 1196 ictibus
237 1138 350 1196 illorum
365 1139 461 1196 caeeis
474 1137 588 1214 inpulsa
601 1139 723 1209 cientur,

118 1228 239 1303 ipsaque
253 1246 395 1304 proporro
409 1229 497 1303 paulo
511 1226 623 1285 maior'a
636 1228 791 1286 lacessunt.

119 1319 160 1375 sic
175 1336 192 1374 a
205 1318 354 1394 principiis
367 1317 499 1376 ascendit
512 1327 611 1376 motus
625 1327 655 1374 et
668 1319 728 1374 exit

118 1408 256 1483 paulatim
270 1419 384 1467 nostros
398 1407 560 1481 adsensus,
575 1418 607 1466 ut
621 1416 791 1466 moveantur

117 1499 165 1557 illa
179 1517 307 1574 quoque,
321 1500 352 1558 in
366 1499 433 1558 solis
448 1517 523 1573 quae
536 1499 647 1556 lumine
661 1517 779 1556 cernere
794 1497 909 1572 quimus
972 1521 1020 1569 140

117 1607 174 1646 nec
188 1590 292 1664 quibus
303 1589 335 1648 id
349 1589 455 1647 iaciant
468 1589 560 1664 plagis
573 1598 695 1664 apparet
709 1598 818 1664 aperte.

159 1680 247 1738 Nunc
261 1697 337 1754 quae
352 1679 496 1737 mobilitas
510 1679 547 1737 sit
558 1678 674 1737 reddita
689 1679 817 1736 materiai

117 1770 297 1844 corporibus,
311 1770 413 1844 paucis
426 1769 496 1827 licet
508 1769 577 1827 hinc
591 1786 780 1845 cognoscere,
797 1769 929 1827 Memmi.

117 1861 243 1934 primum
257 1878 359 1917 aurora
372 1877 451 1918 novo
465 1877 534 1918 cum
547 1860 656 1934 spargit
669 1859 777 1916 lumine
791 1868 879 1916 terras

118 1958 147 2006 et
160 1950 255 2007 variae
269 1951 400 2007 volucres
414 1967 536 2007 nemora
549 1949 613 2007 avia
625 1949 832 2024 pervolitantes
973 1971 1001 2018 14
1004 1968 1017 2020 5

117 2040 184 2096 aera
197 2058 250 2115 per
263 2049 395 2098 tenerum
409 2039 524 2114 liquidis
538 2041 604 2097 loca
616 2040 739 2097 vocibus
753 2040 885 2114 opplent,

117 2148 205 2204 quam
220 2130 315 2188 subito
330 2131 420 2187 soleat
434 2129 477 2187 sol
491 2139 570 2187 ortus
584 2139 717 2204 tempore
731 2129 780 2186 tali

117 2221 280 2278 convestire
295 2239 347 2278 sua
360 2219 537 2294 perfundens
552 2219 651 2277 omnia
664 2219 739 2290 luce,

117 2311 253 2368 omnibus
267 2311 297 2368 in
312 2321 449 2386 promptu
464 2310 710 2384 manifestumque
724 2327 788 2367 esse
801 2308 943 2367 videmus.

117 2411 147 2458 at
160 2419 251 2476 vapor
265 2402 288 2459 is
302 2419 390 2476 quern
405 2401 448 2459 sol
462 2401 548 2466 mittit
561 2400 719 2475 lumenque
734 2417 870 2457 serenum

116 2510 178 2549 non
192 2509 245 2567 per
259 2492 344 2549 inane
364 2500 443 2549 meat
455 2509 601 2564 vacuum;
622 2508 682 2564 quo
697 2489 828 2548 tardius
820 2507 861 2546 1re

116 2581 239 2656 cogitur,
254 2582 343 2640 aerias
358 2581 440 2654 quasi
454 2580 525 2639 dum
540 2579 702 2639 diverberet
715 2577 910 2680 undas}

117 2689 174 2729 nec
188 2671 349 2746 singillatim
363 2656 535 2746 corpuscula
548 2686 683 2745 quaeque
696 2669 825 2759 vaporis

118 2761 171 2819 sed
185 2760 339 2835 complexa
353 2771 452 2818 meant
441 2761 540 2818 tinter
553 2779 584 2818 se
599 2778 715 2836 conque
729 2760 865 2835 globata3

117 2860 295 2926 quapropter
308 2851 393 2908 simul
407 2852 480 2908 inter
494 2869 525 2908 se
539 2850 722 2908 retrahuntur
736 2861 765 2908 et
779 2860 861 2908 extra

118 2941 290 3012 officiuntur,
305 2941 347 2998 uti
360 2951 501 3016 cogantur
514 2942 623 2999 tardius
637 2941 687 2998 ire.

118 3040 147 3096 at
161 3049 236 3106 quae
250 3040 317 3088 sunt
331 3030 424 3088 solida
437 3031 595 3105 primordia
608 3031 800 3106 simplicitate,

118 3139 186 3178 cum
200 3139 253 3196 per
266 3121 352 3178 inane
365 3131 466 3178 meant
480 3139 604 3178 vacuum
618 3139 676 3178 nec
689 3138 735 3178 res
749 3129 909 3177 remoratur

117 3211 176 3267 ulla
189 3211 256 3269 foris
270 3221 357 3286 atque
371 3212 444 3286 ipsa,
459 3212 517 3269 suis
531 3228 547 3268 e
560 3211 689 3285 partibus
703 3228 770 3280 una,

117 3301 253 3358 nnumin
268 3319 356 3375 quern
371 3319 496 3376 coepere
511 3301 608 3358 locum
622 3301 729 3358 conixa
742 3301 879 3373 seruntur,
974 3309 1020 3359 160

118 3392 228 3450 debent
242 3392 377 3450 nimirum
391 3392 565 3468 praecellere
580 3392 740 3450 mobilitate

118 3491 149 3540 et
162 3482 254 3540 multo
267 3482 351 3541 citius
365 3483 431 3542 ferri
444 3501 532 3559 quarn
546 3484 656 3542 lumina
669 3483 737 3542 solis
