2498 3894
159 203 229 275 nt]
395 207 449 258 DE
477 207 623 260 RERUM
652 208 826 261 NATURA

154 368 301 443 corripere
317 387 354 427 ex
367 387 471 429 somno
486 389 593 446 corpus
608 382 779 482 mutareque
793 374 920 432 vultum
935 353 1109 473 Γῆ
1230 402 1249 429 11

154 469 242 532 atque
257 459 465 518 hominemt
421 467 465 518 tot
467 481 516 518 um
531 481 631 536 regere
646 481 681 520 ao
694 434 808 521 versare
822 418 947 538 videdi,
938 442 1080 626 ,Ᾱζξ
1172 524 1180 535 ,
1207 504 1233 519 .-

105 556 131 625 [
154 566 278 623 quorum
293 550 333 607 nil
346 551 443 607 fieri
422 569 484 608 sme
499 562 578 608 tactu
593 570 680 626 posse
695 553 829 612 videmus
851 560 866 605 3

152 657 210 696 nec
224 649 334 696 tactum
349 658 436 714 porro
452 642 513 698 sine
528 660 662 717 corpore,
677 660 776 700 nonne
791 644 968 704 fatendumst

153 747 297 804 corporea
309 740 412 788 natura
426 733 557 789 animum
571 743 705 790 constare
720 734 929 809 animamque?

152 829 303 893 praeterea
317 822 423 894 pariter
437 800 517 896 dirigi
532 841 600 879 cum
615 841 738 897 corpore
754 834 783 881 et
797 843 856 881 una

153 911 318 968 consentire
332 911 463 968 animum
477 912 563 969 nobis
578 912 608 969 in
623 931 746 987 corpore
761 915 864 971 cernis.

152 999 176 1057 si
191 1000 285 1057 minus
300 1000 423 1058 offendit
436 1002 526 1058 vitam
540 1003 582 1059 vis
597 1002 713 1060 horrida
727 1004 794 1099 teli)
1014 1027 1061 1073 170

152 1090 265 1147 ossibus
280 1109 314 1147 ac
329 1092 425 1150 nervis
440 1091 573 1150 disclusis
589 1093 666 1150 intus
680 1093 795 1165 adacta,

151 1191 181 1237 at
195 1191 294 1238 tamen
308 1182 469 1255 insequitur
482 1182 605 1256 languor
619 1191 769 1257 terraeque
784 1202 870 1292 pe
823 1185 891 1243 titus

151 1272 257 1345 segnis
273 1281 303 1329 et
317 1273 347 1329 in
361 1282 436 1330 terra
450 1273 556 1331 mentis
556 1273 622 1360 qui
636 1273 771 1369 gignitur
775 1250 881 1347 aestus,

150 1361 357 1436 interdumque
372 1381 455 1437 quas1
448 1363 652 1465 exurgendi
645 1375 755 1422 incerta
755 1318 911 1425 voluntas.
929 1212 1247 1488 m

150 1469 220 1525 ergo
235 1469 408 1555 corpoream
422 1462 555 1510 naturam
569 1454 659 1511 animi
673 1472 736 1512 esse
751 1465 949 1528 necessest,
1010 1475 1054 1546 ης

150 1544 298 1617 corporeis
313 1544 476 1646 quoniamt
465 1545 583 1603 telis't
544 1564 570 1602 rc
572 1554 661 1619 tuque
675 1545 796 1604 laborat
945 1550 949 1559 ’

191 1634 221 1691 Is
235 1633 288 1692 tibi
301 1653 380 1691 nunc
395 1635 508 1693 animus
522 1635 600 1709 quali
615 1636 651 1693 sit
665 1654 788 1710 corpore
803 1646 833 1694 et
847 1630 977 1694 unde
979 1680 987 1718 ζ
1002 1680 1007 1689 .

137 1724 312 1782 *constiterit
327 1743 446 1799 pergam
460 1726 602 1782 rationem
617 1725 741 1782 reddere
757 1725 852 1784 dictis.

148 1815 295 1890 principio
306 1833 370 1872 esse
385 1815 431 1872 aio
446 1815 633 1889 persuptilem
649 1826 737 1890 atque
752 1815 870 1875 minutis

149 1922 292 1980 perquam
307 1905 476 1980 corporibus
491 1906 548 1962 fact
537 1915 600 1962 tum
615 1916 758 1964 constare.
781 1906 834 1963 id
827 1922 866 1964 1ta
880 1924 944 1965 esse
1008 1913 1053 1962 180

149 1994 218 2053 hinc
232 1996 301 2053 licet
315 1996 446 2054 advertas
461 1995 591 2052 animum
605 2004 637 2052 ut
650 2014 826 2071 pernoscere
840 1997 954 2107 possis:

125 2141 129 2147 ,
148 2085 189 2142 nil
203 2085 280 2143 adeo
294 2087 357 2143 fieri
371 2086 457 2143 celeri
471 2085 583 2142 ratione
597 2085 720 2156 videtur,
844 2078 896 2127 Μ

101 2198 116 2219 ι·
126 2192 237 2257 Γ-’·(1υαιτι
252 2155 305 2234 sill
320 2194 403 2233 mens
418 2175 479 2232 fieri
493 2162 631 2250 prdponit
646 2187 674 2233 et
689 2175 829 2235 inchoat
822 2193 903 2249 1psa5
946 2168 971 2215 )
1010 2110 1091 2240 Aa(
1119 2104 1235 2226 X(

111 2284 117 2289 ·
132 2266 230 2323 'ocius
245 2284 315 2341 ergo
330 2266 443 2323 animus
457 2285 544 2367 quam
560 2283 606 2323 res
621 2284 652 2323 se
667 2267 779 2340 perciet
793 2265 859 2337 ulla,

101 2422 103 2427 ¹
147 2365 215 2413 ante
229 2356 331 2414 oculos
346 2373 469 2429 quorum
485 2357 515 2413 in
530 2364 668 2431 promptu
682 2366 784 2413 natura
797 2354 878 2413 videt
867 2366 921 2413 t.ur
1006 2362 1050 2426 ¹85

146 2455 177 2503 at
191 2445 272 2520 quod
286 2445 394 2502 mobile
409 2455 490 2503 tanto
505 2455 631 2528 operest,
647 2455 780 2503 constare
794 2445 927 2503 rutundis

146 2553 287 2611 perquam
302 2536 461 2593 seminibus
475 2535 565 2594 debet
579 2554 779 2611 perquamque
794 2536 923 2607 minutis

145 2626 275 2684 momine
290 2627 331 2684 uti
345 2643 434 2701 parvo
448 2627 560 2701 possint
574 2627 686 2700 inpulsa
700 2626 820 2683 moveri.

145 2734 273 2791 namque
288 2726 420 2774 movetur
433 2735 509 2790 aqua
524 2726 553 2773 et
567 2716 677 2773 tantillo
693 2717 824 2774 momine
839 2715 921 2773 flutat

145 2807 255 2881 quippe
270 2807 441 2864 volubilibus
456 2806 606 2880 parvisque
622 2816 720 2863 creata
732 2807 840 2882 figuris.
956 2840 960 2847 ·
998 2826 1050 2878 ‚190

144 2905 175 2953 at
189 2906 290 2953 contra
303 2896 395 2953 mellis
409 2897 587 2954 constantior
601 2906 645 2954 est
659 2906 762 2954 natura
891 2906 926 2965 ’ς
1074 2920 1077 2925 ·
1128 2898 1130 2903 '
1171 2927 1175 2939 :
1207 2890 1227 2911 ‘¹

144 2995 175 3044 et
187 2987 261 3061 pign'
274 2969 523 3067 laticedinagissst
537 2987 720 3044 cunctantior
734 2988 835 3060 actfis3
920 3022 930 3065 :2
955 3022 972 3055 ·.
989 2932 1180 3066 lawa)

144 3075 244 3134 haeret
258 3076 337 3133 enirn
351 3077 425 3133 inter
438 3093 469 3133 se
484 3076 576 3151 magis
589 3077 685 3134 omnis
701 3077 831 3134 materiai

144 3166 239 3241 copia,
254 3166 390 3223 nimirum
405 3166 472 3240 quia
486 3184 546 3224 non
560 3176 621 3224 tam
635 3167 746 3224 levibus
761 3176 840 3224 extat

143 3256 314 3330 corporibus
328 3273 424 3330 neque
439 3265 498 3312 tarn
513 3257 579 3313 subt
581 3257 708 3314 ilibust
679 3266 708 3313 at
709 3275 767 3332 que
781 3256 922 3314 rutundis
1001 3277 1030 3330 19

142 3362 270 3420 namque
285 3328 434 3421 papaveffs
448 3363 518 3402 aura
532 3355 629 3420 potest
642 3329 782 3420 suspensa
796 3346 924 3420 levisque
1004 3274 1204 3479 <istas

142 3451 248 3512 cogere
262 3445 295 3494 ut
309 3436 346 3495 ab
360 3453 474 3495 summo
488 3435 541 3494 tibi
556 3435 669 3493 diffluat
682 3436 755 3493 altus
770 3452 909 3509 acervus3

113 1682 134 1736 Ι
