2498 3894
128 230 171 293 86
466 245 697 301 LUCRETIUS
955 246 1030 317 [111.

125 411 212 480 atque
228 405 268 462 ita
282 404 461 464 multimodis
475 405 586 480 partitis
601 405 719 464 artubus
735 423 809 477 esse,
981 413 1031 464 620

125 494 323 553 membrorum
337 506 369 553 ut
383 514 544 571 numquam
558 494 661 552 existat
674 505 876 570 praeposterus
890 495 985 555 ordo?

124 604 216 660 usque
232 584 309 643 adeo
324 586 453 660 sequitur
466 604 512 643 res
525 604 588 643 rem
602 603 699 660 neque
714 586 832 644 flamma
846 589 937 645 creari

124 675 289 735 fluminibus
305 676 414 734 solitast
428 694 525 750 neque
539 676 569 733 in
584 676 643 749 igni
657 677 768 751 gignier
782 676 870 752 algor.

165 769 316 824 Praeterea
330 767 353 822 si
369 766 527 823 inmortalis
542 775 644 823 natura
658 767 792 824 animaist

124 867 154 914 ct
168 858 273 914 sentire
287 865 384 932 potest
399 865 512 914 secreta
525 875 543 913 a
557 874 680 930 corpore
695 866 804 928 nostr0,
980 865 1028 928 625

124 947 260 1022 quinque,
271 957 304 1005 ut
314 947 427 1022 opinor,
441 964 506 1004 eam
517 945 685 1004 faciundum
697 956 742 1004 est
750 947 881 1006 sensibus
892 957 1008 1006 auctam
1019 969 1028 1023 ;

123 1055 180 1095 nec
194 1038 305 1095 ratione
319 1038 374 1094 alia
388 1045 504 1096 nosmet
518 1054 684 1111 proponere
699 1038 784 1095 nobis

123 1145 277 1202 possumus
292 1128 418 1184 infernas
433 1128 543 1185 animas
558 1126 726 1185 Acherunte
741 1128 845 1202 vagari.

123 1218 250 1292 pictores
265 1218 361 1292 itaque
376 1226 406 1276 et
420 1219 593 1292 scriptorum
609 1218 705 1275 saecla
718 1219 815 1292 priora

124 1308 165 1365 sic
180 1309 290 1366 animas
304 1309 379 1366 intro
394 1307 540 1366 duxerunt
554 1308 687 1366 sensibus
701 1319 809 1367 auctas.
979 1314 1029 1379 ⁶30

123 1406 153 1455 at
166 1417 263 1473 neque
278 1416 389 1456 sorsum
403 1399 482 1455 oculi
495 1416 592 1472 neque
607 1416 691 1456 nares
705 1417 760 1455 nec
775 1416 878 1456 manus
892 1399 955 1472 ipsa

124 1505 187 1545 esse
201 1498 298 1563 potest
312 1489 426 1546 animae
441 1506 538 1563 neque
553 1507 666 1546 sorsum
680 1488 786 1562 lingua,
802 1506 900 1562 neque
914 1506 998 1546 aures

123 1576 222 1634 auditu
237 1597 290 1652 per
303 1596 334 1635 se
349 1587 471 1653 possunt
486 1579 592 1636 sentire
607 1596 704 1652 neque
720 1595 792 1636 esse.

164 1667 202 1723 Et
216 1668 355 1740 quoniam
369 1677 432 1725 toto
447 1668 586 1725 sentimus
601 1685 723 1742 corpore
738 1668 833 1726 inesse

121 1755 238 1813 vitalem
253 1775 367 1832 sensum
383 1766 413 1815 et
426 1767 521 1816 totum
536 1776 599 1815 esse
614 1758 736 1828 animale
751 1757 894 1829 videmus,
977 1763 1026 1829 ⁶35

121 1848 145 1906 si
160 1849 254 1906 subito
269 1849 399 1907 medium
415 1851 501 1908 celer-i
515 1850 689 1925 praeciderit
702 1851 762 1908 ictu

121 1941 163 1997 vis
177 1940 273 2014 aliqua
285 1951 318 1998 ut
332 1933 444 2000 sorsum
458 1953 571 2018 partem
585 1952 717 2000 secernat
731 1953 893 2019 utramque,

122 2029 276 2105 dispertita=
285 2033 386 2106 procul
400 2032 490 2091 dubio
505 2051 623 2107 quoque
638 2034 680 2090 vis
694 2033 802 2090 animai
876 2050 882 2058 ’

121 2130 151 2179 et
164 2121 284 2203 discissa
298 2123 382 2180 simul
396 2141 464 2180 cum
478 2142 600 2198 corpore
615 2123 787 2205 dissicietur‘,

120 2219 150 2269 at
164 2210 245 2286 quod
259 2212 399 2270 scinditur
413 2223 442 2269 et
455 2215 543 2288 partis
558 2213 683 2271 discedit
696 2215 726 2271 in
741 2214 821 2286 ullas,
976 2222 1026 2283 640

120 2302 232 2360 scilicet
245 2312 393 2360 aeternam
408 2304 462 2360 sibi
477 2313 609 2360 naturam
622 2304 723 2362 abnuit
738 2321 811 2362 esse.

119 2391 262 2450 falciferos
277 2403 440 2450 memorant
454 2411 552 2450 currus
567 2394 718 2451 abscidere
734 2395 865 2454 membra

120 2499 207 2556 saepe
222 2482 262 2539 ita
275 2481 313 2540 de
328 2483 423 2540 subito
437 2484 580 2557 permixta
594 2483 686 2559 caede
701 2484 831 2566 calentis,

119 2581 151 2628 ut
165 2581 288 2630 tremere
303 2574 333 2630 in
347 2583 422 2630 terra
435 2572 567 2630 videatur
579 2574 617 2630 ab
632 2562 750 2632 artubus
764 2574 796 2632 id
811 2573 893 2649 quod

120 2661 231 2720 decidit
240 2663 393 2733 abscisum,
405 2682 473 2720 cum
484 2681 567 2721 mens
579 2672 678 2721 tamen
689 2674 776 2738 atque
785 2664 912 2724 hominis
922 2665 966 2726 vis
975 2673 1024 2739 645

119 2752 278 2810 mobilitate
293 2753 360 2810 mali
375 2771 435 2811 non
450 2753 513 2827 quit
527 2754 632 2811 sentire
648 2753 800 2828 dolorem3

118 2850 149 2898 et
162 2843 253 2899 semel
267 2843 296 2899 in
310 2861 425 2918 pugnae
440 2841 536 2901 studio
551 2843 632 2918 quod
647 2843 747 2921 dedita
760 2863 843 2904 mens
858 2854 911 2919 est,

119 2948 241 3005 corpore
255 2933 366 3007 reliqiio
381 2951 510 3007 pugnam
525 2933 690 3009 caedesque
704 2937 834 3010 petessit,

118 3037 175 3076 nec
189 3031 270 3080 tenet
283 3023 418 3080 amissam
434 3025 545 3081 laevam
560 3043 629 3083 cum
643 3026 772 3100 tegmine
787 3044 876 3102 saepe

118 3109 193 3166 inter
206 3127 297 3184 equos
312 3112 442 3170 abstraxe
457 3125 534 3172 rotas
548 3115 694 3190 falcesque
708 3134 838 3190 rapaces,
975 3125 1026 3191 650

118 3217 175 3256 nec
190 3200 330 3258 cecidisse
344 3202 415 3260 alius
430 3202 571 3276 dextram,
586 3223 654 3262 cum
668 3206 783 3265 scandit
797 3217 827 3266 et
840 3208 935 3268 instat

118 3288 188 3347 inde
204 3291 274 3348 alius
289 3303 411 3351 conatur
424 3293 565 3370 adempto
580 3314 696 3370 surgere
708 3315 799 3368 crure,

117 3399 187 3439 cum
202 3379 307 3456 digitos
321 3384 409 3458 agitat
423 3374 543 3460 propter
557 3385 748 3446 moribundus
762 3387 843 3446 humi
858 3405 920 3464 pes.

118 3480 148 3528 et
162 3482 250 3545 caput
264 3472 409 3532 abscisum
423 3476 519 3535 calido
533 3479 707 3553 viventeque
721 3487 825 3537 trunco
