2498 3894
189 196 255 268 IV.]
430 198 485 250 DE
511 196 658 250 RERUM
685 197 857 251 NATURA
1033 201 1093 266 107

186 378 266 418 nunc
280 377 405 434 eaquae
420 357 489 416 dico
503 377 599 416 rerum
614 357 769 416 simulacra
781 359 911 416 seruntur

186 449 317 525 undique
332 460 361 508 et
375 451 406 507 in
420 458 540 506 cunctas
555 449 699 506 iaciuntur
712 448 806 506 didita
820 450 908 523 partis
919 470 928 523 ;
1046 472 1094 519 240

186 559 287 599 verum
300 559 354 598 nos
369 541 460 598 oculis
475 541 544 614 quia
558 540 624 597 solis
639 557 757 596 cernere
773 540 898 614 quimus,

186 641 342 706 propterea
355 632 388 688 fit
401 631 450 701 uti,
466 631 596 704 speciem
612 648 671 704 quo
686 631 832 702 vertimus,
848 648 951 690 ornnes

186 740 232 780 res
246 722 286 780 ibi
302 739 368 778 eam
383 729 485 778 contra
498 720 602 778 feriant
615 720 709 777 forma
723 730 811 795 atque
826 722 934 780 colore.

187 821 217 868 et
231 821 372 885 quantum
389 829 523 885 quaeque
538 812 575 869 ab
590 811 675 869 nobis
690 829 735 869 res
749 812 833 883 absit,
849 813 946 886 imago
1011 828 1021 867 :

187 902 275 960 efficit
288 913 321 960 ut
334 901 485 959 videamus
500 911 530 958 et
544 902 741 959 internoscere
756 911 856 975 curat3
998 906 1001 911 ⁴
1047 919 1092 972 ²45

187 1011 255 1050 nam
270 1011 338 1050 cum
353 992 485 1063 mittitur,
501 992 649 1066 extemplo
663 993 810 1067 protrudit
823 993 940 1068 agitque

187 1083 254 1140 a'era
268 1083 318 1156 qui
331 1083 406 1140 inter
419 1101 450 1140 se
466 1100 593 1157 cumque
608 1092 652 1140 est
667 1083 828 1157 oculosque
843 1083 965 1154 locatus,

187 1173 270 1247 isque
284 1174 325 1230 ita
338 1191 391 1248 per
404 1183 517 1231 nostras
532 1174 610 1231 acies
624 1174 782 1248 perlabitur
796 1174 893 1232 omnis

187 1272 218 1320 et
232 1263 314 1338 quasi
325 1273 471 1338 perterget
485 1265 607 1338 pupillas
622 1273 709 1338 atque
725 1265 765 1321 ita
778 1264 889 1321 transit.

186 1364 342 1429 propterea
355 1355 387 1411 fit
401 1356 442 1412 uti
456 1354 606 1412 videamus
621 1373 710 1428 quam
725 1354 828 1428 procul
842 1354 917 1412 absit
1048 1372 1095 1425 ²50

187 1462 233 1502 res
248 1463 391 1520 quaeque.
406 1455 436 1502 et
450 1455 559 1520 quanto
574 1445 638 1519 plus
653 1445 726 1502 a‘e'ris
741 1453 808 1501 ante
823 1446 947 1520 agitatur

188 1544 218 1593 et
231 1545 345 1593 nostros
360 1536 461 1594 oculos
475 1544 621 1610 perterget
634 1535 748 1609 longior
762 1553 839 1606 aura,

187 1635 248 1684 tam
261 1627 363 1701 procul
378 1645 441 1684 esse
456 1627 547 1701 magis
562 1645 607 1683 res
622 1644 757 1700 quaeque
774 1636 888 1683 remota
901 1626 1025 1685 videtur.

187 1718 297 1775 scilicet
312 1718 384 1775 haec
400 1735 513 1775 summe
528 1717 614 1773 celeri
629 1716 740 1773 ratione
755 1727 903 1791 geruntur,

188 1809 271 1882 quale
287 1809 323 1866 sit
336 1817 368 1865 ut
381 1807 531 1865 videamus
546 1817 575 1864 et
589 1826 648 1864 una
662 1826 749 1881 quam
764 1808 867 1881 procul
881 1808 964 1866 absit.
1048 1830 1060 1863 2
1063 1827 1076 1878 5
1080 1826 1093 1878 5

187 1897 257 1956 illud
270 1899 301 1956 in
316 1899 359 1955 his
374 1899 459 1956 rebus
473 1898 593 1955 minime
609 1898 738 1972 mirabile
754 1897 961 1971 habendumst,

188 2006 247 2061 cur,
263 2006 387 2063 eaquae
402 1989 505 2046 feriant
520 1989 621 2046 oculos
637 1989 789 2044 simulacra
802 1987 895 2045 videri

188 2079 298 2153 singula
312 2097 380 2136 cum
394 2088 552 2153 nequeant,
567 2097 613 2135 res
627 2079 707 2152 ipsae
722 2078 946 2152 perspiciantur.

187 2179 289 2226 ventus
304 2170 383 2226 enim
397 2187 517 2244 quoque
531 2169 671 2244 paulatim
686 2186 754 2226 cum
767 2169 900 2226 verberat
916 2179 945 2224 et
960 2188 1029 2226 cum

187 2277 254 2317 acre
268 2259 329 2317 fluit
343 2260 439 2334 frigus,
454 2278 515 2317 non
529 2260 639 2334 privam
655 2276 803 2333 quamque
818 2259 946 2317 solemus
1042 2265 1089 2315 260

188 2350 358 2423 particulam
372 2350 452 2408 venti
467 2351 574 2407 sentire
589 2359 618 2406 et
632 2350 743 2424 frigoris
759 2349 830 2420 eius,

189 2438 242 2498 sed
257 2441 347 2515 magis
362 2459 512 2511 unorsum,
527 2440 647 2514 fierique
662 2440 785 2515 perinde
800 2437 934 2498 videmus

189 2548 312 2605 corpore
327 2539 388 2588 tum
403 2531 502 2605 plagas
518 2531 547 2587 in
560 2540 660 2588 nostro
675 2540 838 2603 tamquam
853 2531 966 2603 aliquae
981 2549 1027 2589 res

187 2621 319 2678 verberet
333 2630 421 2695 atque
436 2621 479 2677 sui
495 2619 545 2678 det
559 2639 676 2678 sensum
692 2620 822 2694 corporis
837 2629 926 2677 extra.

188 2721 338 2787 praeterea
351 2709 479 2785 lapidem
493 2710 584 2786 digito
598 2730 667 2768 cum
680 2710 839 2777 tundimus
854 2710 951 2784 ipsum
1048 2719 1093 2782 265

188 2801 333 2875 tangimus
348 2811 511 2858 extremum
527 2802 588 2858 saxi
602 2819 807 2874 summumque
822 2801 961 2872 colorem,

188 2909 246 2948 nec
260 2891 400 2949 sentimus
415 2909 483 2949 eum
497 2901 587 2964 tactu,
601 2910 702 2948 verum
716 2892 808 2966 magis
823 2892 917 2966 ipsam

190 2979 325 3038 duritiem
339 2981 456 3057 penitus
470 2982 530 3039 saxi
547 2982 687 3038 sentimus
702 2981 732 3038 in
746 2980 814 3038 alt0.

231 3069 320 3129 Nunc
333 3089 397 3146 age,
413 3089 465 3129 cur
478 3072 551 3128 ultra
565 3072 717 3146 speculum
730 3069 864 3128 videatur
877 3071 976 3146 imago

189 3160 309 3237 percipe
320 3181 329 3234 3
350 3179 419 3219 uam
433 3170 512 3218 certe
525 3162 641 3236 penitus
656 3170 771 3218 semota
783 3159 906 3218 videtur.
1048 3183 1095 3227 270

190 3249 272 3326 quod
285 3269 377 3326 genus
391 3251 438 3309 illa
452 3252 520 3310 foris
534 3269 610 3326 quae
625 3269 692 3308 vere
706 3250 940 3325 transpiciuntur,

105 3360 110 3369 '
189 3342 277 3399 ianua
291 3359 358 3399 cum
372 3360 426 3418 per
438 3360 470 3400 se
484 3350 682 3417 transpectum
696 3341 817 3415 praebet
831 3352 974 3416 apertum,
1065 3390 1068 3395 .

190 3432 281 3491 multa
294 3433 420 3508 facitque
434 3432 502 3492 soris
517 3450 555 3490 ex
567 3431 690 3490 aedibus
704 3441 736 3488 ut
749 3430 910 3489 videantur.
