2498 3894
233 225 274 291 54
563 224 794 278 incasurus
1075 221 1131 291 [η.

230 385 360 444 sensibus
371 405 379 455 ;
400 393 433 442 ut
446 402 549 442 noscas
563 384 663 458 primis
677 383 791 441 differre
805 382 910 457 figuris.
1082 388 1129 451 685
1217 443 1221 452 ¹

229 475 382 533 dissimiles
395 474 480 549 igitur
494 475 603 532 formae
618 475 814 548 glomeramen
829 473 859 530 in
873 491 965 530 unum

230 565 408 622 conveniunt
422 575 451 622 et
464 583 510 622 res
524 564 668 639 permixto
683 564 793 621 semine
808 572 951 620 constant.

230 656 300 729 quin
315 655 402 713 etiam
413 656 522 730 passim
535 655 640 713 nostris
654 655 684 711 in
697 653 827 711 versibus
842 653 911 727 ipsis

229 746 320 802 multa
333 745 478 803 elementa
490 743 572 802 vides
586 745 683 803 multis
699 744 866 801 communia
879 743 983 813 verbis,

230 852 298 891 cum
312 844 408 892 tamen
424 836 497 893 inter
511 853 542 892 se
556 852 654 892 versus
669 853 704 890 ac
718 834 806 891 verba
820 850 941 890 necesse
957 841 1001 890 est
1081 837 1131 902 690

229 925 385 982 confiteare
400 926 455 982 alia
469 944 505 982 ex
519 926 580 982 aliis
594 933 727 982 constare
743 924 892 980 elementis
904 943 912 994 ;

229 1032 289 1072 non
305 1033 364 1089 quo
379 1016 468 1073 multa
482 1034 584 1089 parum
598 1014 765 1072 communis
779 1014 873 1070 littera
886 1021 981 1071 currat

229 1114 279 1161 aut
292 1105 369 1162 nulla
383 1105 457 1162 inter
470 1123 501 1162 se
517 1105 576 1163 duo
591 1106 648 1162 sint
663 1123 699 1162 ex
713 1104 849 1161 omnibus
864 1102 967 1173 isdem,

228 1193 282 1252 sed
297 1196 437 1268 quianon
451 1196 537 1270 volgo
551 1196 630 1270 paria
644 1194 779 1252 omnibus
793 1194 892 1249 omnia
906 1201 1050 1250 constant.

229 1285 270 1341 sic
285 1285 345 1342 aliis
360 1285 389 1341 in
404 1285 490 1343 rebus
504 1287 574 1342 item
588 1285 755 1342 communia
769 1283 859 1341 multa
1082 1287 1128 1352 695

229 1374 384 1431 multarum
397 1393 493 1433 rerum
508 1394 576 1433 cum
589 1377 646 1432 sint
659 1374 826 1449 primordia,
840 1391 942 1430 verum

230 1464 360 1523 dissimili
374 1476 472 1523 tamen
487 1467 561 1523 inter
575 1483 606 1522 se
621 1466 779 1522 consistere
794 1482 908 1522 summa

229 1567 370 1629 possunt3
393 1567 425 1612 ut
438 1556 542 1612 merito
556 1570 592 1611 ex
607 1555 668 1612 aliis
683 1564 815 1612 constare
830 1555 936 1612 seratur

229 1645 389 1703 humanum
403 1663 494 1720 genus
509 1654 538 1702 et
552 1643 647 1720 fruges
661 1646 835 1719 arbustaque
849 1645 934 1702 laeta.

270 1737 336 1792 Nec
345 1745 443 1792 tamen
452 1735 629 1793 omnimodis
639 1736 755 1793 conecti
762 1753 848 1810 posse
855 1733 1018 1809 putandum
1029 1743 1073 1791 est
1083 1754 1132 1799 700

229 1826 346 1896 omnia3
368 1844 436 1882 nam
451 1826 537 1900 volgo
551 1826 613 1883 fieri
628 1835 762 1899 portenta
775 1825 898 1894 videres,

229 1916 376 1973 semiferas
390 1915 542 1972 hominum
557 1908 669 1990 species
685 1916 806 1973 existere
821 1924 851 1972 et
865 1915 939 1973 altos

229 2005 374 2061 interdum
388 2024 484 2062 ramos
498 2007 593 2080 egigni
608 2024 729 2080 corpore
744 2006 818 2075 viv0‚

229 2095 376 2169 multaque
392 2097 508 2152 conecti
522 2091 664 2153 terrestria
678 2097 809 2153 membra
823 2096 950 2167 marinis,

229 2193 292 2242 tum
306 2185 453 2242 flammam
467 2195 559 2243 taetro
574 2186 705 2260 spirantis
720 2203 771 2242 ore
787 2185 955 2242 Chimaeras
1083 2184 1140 2253 705v

228 2293 348 2350 pascere
363 2287 495 2333 naturam
509 2294 561 2350 per
575 2286 663 2333 terras
678 2276 896 2350 omniparentis.

230 2385 352 2441 quorum
368 2367 407 2423 nil
422 2367 483 2423 fieri
498 2367 681 2424 manifestum
696 2375 748 2437 est,
765 2367 863 2423 omnia
878 2364 998 2441 quando
1032 2373 1037 2381 ’

229 2457 386 2514 seminibus
402 2457 487 2513 certis
502 2466 581 2512 certa
595 2457 741 2529 genetrice
757 2465 855 2512 creata

157 2568 162 2579 ¹
229 2565 399 2604 conservare
413 2565 504 2620 genus
519 2547 680 2603 crescentia
693 2563 779 2620 posse
793 2545 936 2603 videmus

229 2637 340 2693 scilicet
354 2636 384 2694 id
399 2647 478 2693 certa
492 2637 553 2693 fieri
567 2637 676 2693 ratione
692 2645 850 2693 necessust.
1084 2655 1132 2700 710

229 2745 298 2783 nam
312 2745 364 2783 sua
378 2728 483 2800 cuique
498 2726 570 2784 cibis
584 2745 621 2783 ex
635 2727 771 2784 omnibus
786 2726 862 2796 intus
876 2726 906 2782 in
918 2729 998 2782 'artus

229 2834 352 2890 corpore
367 2816 523 2873 discedunt
537 2835 707 2890 conexaque
723 2816 924 2873 convenientis

230 2906 359 2962 efficiunt
373 2915 488 2977 motus;
510 2915 539 2963 at
554 2916 656 2963 contra
670 2907 763 2962 aliena
777 2906 910 2963 videmus

229 2996 337 3053 reicere
352 2997 382 3052 in
397 3005 485 3053 terras
499 3005 640 3067 naturam,
654 2997 802 3069 multaque
818 2997 914 3053 caecis

230 3086 399 3160 corporibus
414 3086 526 3160 fugiunt
540 3104 556 3144 e
571 3104 693 3160 corpore
708 3088 819 3160 percita
832 3087 932 3161 plagis,
1084 3101 1130 3154 715

230 3193 304 3250 quae
319 3194 415 3250 neque
431 3178 546 3233 conecti
561 3195 709 3251 quoquam
724 3187 846 3251 potuere
861 3192 958 3250 neque
974 3175 1050 3232 intus

228 3266 320 3323 vitalis
335 3276 431 3323 motus
446 3267 609 3324 consentire
624 3277 711 3341 atque
726 3267 841 3324 imitari.

229 3354 282 3413 sed
296 3373 334 3413 ne
349 3357 421 3414 sorte
436 3367 521 3431 putes
534 3357 669 3414 animalia
683 3357 745 3414 sola
759 3355 852 3414 teneri

228 3445 341 3522 legibus
356 3446 444 3520 hisce,
459 3465 495 3504 ea
508 3465 553 3504 res
567 3447 640 3504 ratio
655 3445 837 3505 disterminat
851 3446 956 3504 omnis.
