2498 3894
121 220 184 292 IV.]
252 220 328 284 ¹DE
354 220 500 273 RERUM
529 220 700 274 NATURA
964 222 1022 286 133

118 399 175 438 nec
190 399 242 438 sua
255 380 414 455 respiciunt
427 381 523 438 miseri
537 381 612 439 mala
627 380 753 437 maxima
766 398 863 455 saepe.

118 471 200 545 nigra
214 471 369 529 melichrus
383 481 436 542 est,
451 470 593 528 inmunda
607 480 637 528 et
652 470 741 528 fetida
755 488 900 542 acosmoq
961 476 1025 527 1160

120 561 216 629 caesia
230 560 401 631 Palladium,
416 580 540 618 nervosa
554 572 583 619 et
597 562 692 635 lignea
707 560 821 632 dorcas,

119 652 245 726 parvula,
260 652 392 726 pumili0‚
408 652 539 709 chariton
554 652 620 721 mia,
637 661 698 708 tota
712 670 824 709 merum
840 651 889 723 sal,

119 760 225 816 magna
238 751 325 815 atque
340 742 464 799 inmanis
479 742 637 815 cataplexis
651 741 795 816 plenaque
811 742 939 799 honoris,

119 834 205 892 balba
218 834 298 908 loqui
313 852 373 891 non
388 834 458 908 quit,
474 834 590 903 traulizi,
606 843 687 890 muta
701 834 816 907 pudens
831 844 894 907 est,

119 932 149 981 at
162 923 284 997 flagrans
299 923 402 981 odiosa
414 924 569 998 loquacula
583 923 775 998 Lampadium
791 925 833 982 fit.
964 931 1024 994 1165

120 1013 244 1071 ischnon
259 1014 430 1071 eromenion
444 1024 506 1071 tum
521 1014 562 1084 fit,
577 1033 645 1072 cum
660 1015 754 1071 vivere
769 1033 830 1070 non
844 1015 906 1088 quit

120 1121 189 1179 prae
203 1104 298 1161 macie
309 1124 318 1176 ;
340 1104 461 1162 rhadine
475 1114 572 1162 verost
586 1105 643 1161 iam
658 1114 772 1160 mortua
786 1105 864 1162 tussi.

121 1203 150 1251 at
164 1193 276 1251 tumida
290 1203 320 1251 et
333 1212 495 1252 mammosa
509 1195 598 1253 Ceres
613 1205 657 1252 est
672 1195 735 1268 ipsa
749 1195 786 1252 ab
802 1195 922 1266 Iaccho,

121 1284 225 1343 simula
238 1284 334 1343 Silena
347 1303 382 1341 ac
397 1294 527 1354 saturast,
542 1285 659 1342 labeosa
673 1285 810 1358 philema.

121 1384 218 1432 cetera
231 1373 270 1432 de
284 1392 390 1449 genere
405 1375 463 1432 hoc
477 1375 597 1449 longum
612 1385 655 1432 est
669 1375 692 1432 si
709 1374 806 1431 dicere
821 1392 920 1431 coner.
965 1394 1028 1439 1170

121 1463 175 1523 sed
189 1474 288 1521 tamen
302 1474 365 1522 esto
380 1465 437 1522 iarn
453 1465 606 1539 quantovis
621 1465 678 1522 oris
693 1465 814 1535 honore,

122 1555 170 1612 cui
182 1555 305 1612 Veneris
320 1555 456 1612 membris
471 1555 513 1612 vis
528 1555 662 1613 omnibus
677 1555 838 1612 exoriatur:

121 1663 229 1719 nempe
239 1645 311 1702 aliae
321 1662 439 1719 quoque
449 1653 517 1702 sunt
526 1665 535 1715 3
550 1663 658 1718 nempe
669 1644 723 1702 hac
735 1646 797 1702 sine
806 1645 929 1702 viximus
939 1655 1005 1701 ante
1018 1665 1027 1717 ;

122 1753 230 1809 nempe
244 1734 350 1792 eadem
364 1735 440 1806 facit,
456 1744 485 1792 et
499 1735 606 1792 scimus
621 1736 725 1805 facere,
741 1736 840 1792 omnia
854 1736 938 1808 turpi,

123 1833 153 1882 et
166 1825 302 1881 miseram
316 1825 412 1882 taetris
427 1843 457 1882 se
473 1825 549 1882 suffit
564 1824 703 1882 odoribus
718 1825 781 1898 ipsa
963 1843 1024 1895 1¹75

123 1933 211 1990 quam
226 1915 349 1972 famulae
363 1915 449 1989 longe
464 1915 586 1988 fugitant
600 1915 754 1988 furtimque
769 1914 953 1973 cachinnant.

123 2014 152 2062 at
166 2005 318 2062 lacrimans
333 2005 467 2062 exclusus
481 2015 594 2062 amator
607 2003 707 2061 limina
721 2023 809 2079 saepe

124 2095 242 2153 floribus
257 2104 286 2152 et
300 2095 381 2152 sertis
397 2095 491 2169 operit
504 2096 656 2169 postisque
671 2096 812 2170 superbos

123 2185 226 2260 unguit
239 2185 404 2242 amaracino
420 2194 449 2241 et
463 2185 571 2242 foribus
587 2186 673 2242 miser
687 2186 786 2243 oscula
800 2186 880 2260 sigit3

124 2293 213 2350 quem
227 2275 260 2346 si,
272 2276 330 2332 iam
344 2276 522 2346 ammissum,
532 2277 699 2333 venientem
713 2275 867 2333 offenderit
881 2294 950 2334 aura
966 2284 1029 2332 1180

124 2384 183 2423 una
197 2364 298 2436 modu,
314 2384 416 2423 causas
431 2365 559 2423 abeundi
574 2376 693 2439 quaerat
708 2367 855 2438 honestas,

124 2465 155 2514 et
168 2456 309 2514 meditata
323 2456 373 2513 diu
388 2454 475 2512 cadat
488 2456 544 2512 alte
560 2465 677 2530 sumpta
691 2456 827 2529 querella,

124 2547 300 2620 stultitiaque
315 2547 355 2604 ihi
369 2564 400 2604 se
416 2546 545 2616 damnet,
560 2547 692 2603 tribuisse
707 2546 788 2620 quod
803 2546 842 2604 illi

124 2636 189 2712 plus
202 2636 300 2693 videat
313 2655 402 2710 quam
416 2637 529 2694 mortali
543 2637 709 2694 concedere
723 2655 775 2711 par
789 2645 841 2694 est.

124 2744 180 2784 nec
193 2728 323 2784 Veneres
338 2736 450 2784 nostras
464 2727 522 2784 hoc
537 2727 624 2800 fallit;
647 2744 706 2802 quo
722 2727 813 2800 magis
827 2726 907 2801 ipsae
966 2734 1027 2796 1185

125 2817 224 2874 omnia
238 2835 353 2873 summo
367 2835 456 2891 opere
471 2817 525 2875 hos
538 2818 613 2875 vitae
627 2817 786 2891 poscaenia
800 2818 896 2874 celant

126 2923 199 2981 quos
213 2906 336 2963 retinere
349 2906 450 2964 volunt
464 2907 674 2980 adstrictosque
689 2925 752 2965 esse
767 2907 796 2964 in
810 2925 919 2977 amore,

125 2996 313 3070 nequiquam,
328 2997 467 3077 quoniam
483 3007 514 3054 tu
528 2998 626 3054 animo
641 3007 740 3054 tamen
754 2998 854 3055 omnia
867 2997 960 3072 possis

126 3086 293 3160 protrahere
307 3086 337 3143 in
351 3087 447 3144 lucem
461 3097 549 3161 atque
563 3086 659 3144 omnis
674 3087 817 3161 inquirere
830 3089 903 3146 risus

126 3185 165 3246 et,
179 3175 204 3233 si
217 3176 294 3234 bello
308 3176 434 3235 animost
448 3186 477 3234 et
492 3195 552 3235 non
567 3175 679 3248 odiosa,
694 3177 820 3234 vicissim
963 3197 1026 3250 1190

126 3267 334 3341 pratermittere
349 3277 378 3324 et
392 3268 525 3325 humanis
539 3266 702 3324 concedere
717 3268 812 3325 rebus
1035 3266 1039 3276 '

167 3357 233 3414 Nec
247 3357 350 3414 mulier
362 3375 479 3432 semper
492 3357 561 3415 ficto
576 3357 699 3433 suspirat
712 3375 811 3415 amore

126 3462 200 3520 quae
215 3446 369 3521 complexa
381 3447 433 3505 viri
446 3466 553 3524 corpus
567 3466 636 3505 cum
650 3466 772 3523 corpore
786 3447 878 3523 iungit
