2498 3894
121 191 194 262 111.]
360 193 415 245 DE
441 194 589 247 RERUM
617 193 788 246 NATURA
983 182 1020 245 81

118 352 184 410 aere
200 353 250 428 qui
264 351 367 411 credas
381 371 467 427 posse
483 352 558 410 hanc
573 353 736 410 cohiberier
750 353 831 421 ullo?

119 461 241 517 corpore
256 444 306 518 qui
320 437 419 502 nostro
434 462 512 501 rarus
526 444 618 518 magis
632 444 655 500 is
670 424 849 502 cohibissit?

160 535 312 591 Praeterea
326 535 406 608 gigni
419 535 525 608 pariter
539 552 608 591 cum
622 551 746 608 corpore
761 543 791 591 et
805 552 864 592 una
951 548 956 559 ’
975 552 1022 605 445

119 642 249 681 crescere
265 625 405 682 sentimus
419 625 584 698 pariterque
599 641 752 681 senescere
769 634 910 683 mentem.

118 732 187 771 nam
201 713 279 771 velut
293 714 408 771 infirmo
423 715 506 789 pueri
520 724 681 789 teneroque
694 724 837 791 vagantur
914 740 931 793 s

119 821 252 878 corpore,
267 804 310 861 sic
324 804 413 862 animi
427 804 556 878 sequitur
570 804 714 862 sententia
728 804 828 863 tenvis.
892 796 921 857 tl-
937 828 968 855 2„
991 794 1006 857 ί(
1027 820 1043 843 ’-
1085 814 1104 829 ··
1150 820 1196 847 ἰ-

119 893 187 952 inde
203 895 252 952 ubi
266 895 392 952 robustis
406 894 534 952 adolevit
547 895 653 952 viribus
668 905 757 968 aetaS,
886 880 897 919 '¹

119 984 270 1041 consilium
286 1002 405 1059 quoque
419 985 512 1042 maius
528 994 557 1042 et
571 985 683 1042 auctior
697 994 741 1042 est
756 984 845 1042 animi
859 984 910 1041 vis.
973 1002 1023 1053 450
1058 1045 1060 1049 ,

119 1083 186 1149 post
199 1075 250 1133 ubi
263 1074 322 1132 iam
335 1074 437 1132 validis
452 1085 619 1149 quassatum
635 1084 679 1132 est
693 1075 800 1132 viribus
815 1074 879 1132 aevi

119 1182 225 1239 corpus
240 1174 270 1222 et
283 1165 394 1223 obtusis
408 1165 579 1222 ceciderunt
591 1165 698 1223 viribus
712 1174 799 1235 artus,

119 1254 264 1313 claudicat
278 1255 437 1330 ingenium,
453 1254 555 1312 delirat
568 1255 674 1330 lingua,
689 1255 767 1312 labat
781 1272 876 1326 mens,
916 1260 950 1343 [ζ
996 1312 1005 1341 1,

119 1346 218 1402 omnia
233 1344 374 1402 deficiunt
388 1355 476 1419 atque
491 1364 550 1403 uno
564 1355 697 1419 tempore
712 1344 827 1402 desunt.
981 1344 998 1361 ‘'

119 1453 189 1510 ergo
203 1434 323 1493 dissolui
338 1454 457 1510 quoque
472 1436 611 1493 convenit
626 1453 746 1492 omnem
760 1434 869 1492 animai
912 1432 916 1453 ‘
945 1436 952 1446 '
1029 1435 1040 1457 ‘

119 1535 261 1596 naturam,
277 1543 331 1582 ceu
347 1527 452 1598 sumuS,
467 1527 498 1584 in
511 1526 582 1584 altas
597 1526 669 1583 aeris
683 1543 766 1582 auras
777 1546 787 1597 ;
955 1586 1029 1604 ,,1,1

119 1615 362 1691 quandoquidem
375 1617 454 1692 gigni
468 1617 575 1692 pariter
588 1617 753 1691 pariterque
768 1614 903 1673 videmus

120 1724 250 1764 crescere
266 1716 304 1778 et,
318 1717 350 1765 ut
364 1706 463 1778 docui,
478 1706 563 1765 simul
576 1725 648 1765 aevo
664 1706 740 1763 fessa
753 1705 854 1764 fatisci.

47 1870 51 1877 1
160 1799 232 1855 Huc
246 1796 363 1855 accedit
375 1799 417 1854 uti
432 1797 592 1867 videamus,
607 1815 714 1871 corpus
729 1807 761 1854 ut
775 1797 871 1870 ipsum

120 1888 266 1962 suscipere
280 1888 405 1945 inmanis
419 1888 537 1944 morbos
553 1887 717 1960 durumque
732 1885 875 1956 dolorem,

120 1978 161 2035 sic
175 1978 305 2035 animum
319 1995 403 2035 curas
418 1978 491 2035 acris
506 1978 675 2051 luctumque
690 1987 882 2050 metumque3

39 2102 85 2114 ---
121 2085 208 2143 quare
222 2068 394 2142 participem
408 2067 459 2125 leti
472 2085 591 2142 quoque
606 2067 744 2125 convenit
758 2084 832 2125 esse.

39 2170 44 2177 ‘
65 2169 77 2201 t
121 2159 191 2233 quin
205 2159 292 2215 etiam
306 2158 415 2216 morbis
429 2159 459 2215 in
471 2157 601 2232 corporis
616 2158 696 2215 avius
710 2167 785 2214 errat

121 2266 208 2324 saepe
223 2249 355 2320 animus3
377 2247 521 2305 dementit
535 2248 613 2305 enim
628 2247 776 2320 deliraque
791 2248 866 2304 fatur

120 2338 325 2414 interdumque
340 2339 418 2414 gravi
431 2338 563 2413 lethargo
577 2339 665 2396 fertur
679 2338 708 2395 in
723 2338 813 2394 altum
974 2342 1022 2407 465

121 2441 332 2504 aeternumque
346 2447 483 2504 soporem
498 2430 590 2487 oculis
604 2439 735 2503 nutuque
751 2426 877 2500 cadenti,

120 2519 201 2579 unde
215 2538 313 2594 neque
328 2519 446 2578 exaudit
459 2537 548 2578 voces
562 2538 618 2576 nec
633 2537 755 2576 noscere
769 2518 864 2576 voltus

120 2611 234 2669 illorum
249 2611 326 2686 potis
341 2621 393 2681 est,
409 2609 448 2668 ad
460 2611 550 2668 vitam
566 2610 615 2685 qui
630 2618 801 2667 revocantes

121 2701 309 2758 circumstant
322 2700 445 2758 lacrimis
460 2711 590 2759 rorantes
604 2718 655 2758 ora
668 2715 825 2775 genasque.

121 2809 210 2867 quare
225 2791 355 2848 animum
370 2809 488 2865 quoque
504 2791 624 2849 dissolui
638 2791 743 2848 fateare
758 2796 914 2856 necessest,
975 2807 1025 2854 470

122 2880 361 2956 quandoquidem
377 2891 530 2956 penetrant
545 2883 574 2939 in
590 2900 658 2940 eum
672 2879 807 2954 contagia
821 2877 913 2935 morbi
926 2897 935 2948 ;

120 2989 191 3029 nam
205 2971 291 3029 dolor
304 2990 339 3028 ac
353 2972 471 3030 morbus
487 2972 536 3029 leti
551 2972 705 3029 fabricator
720 2976 877 3042 uterquest,

121 3063 278 3120 multorum
292 3063 380 3120 exitio
394 3063 528 3141 perdoctj
543 3059 625 3137 quod
640 3079 739 3118 sumus
753 3069 830 3117 ante.

121 3151 249 3229 denique
264 3170 348 3227 quor,
363 3153 514 3210 hominem
529 3171 598 3210 cum
612 3152 671 3208 vini
685 3151 727 3208 vis
741 3147 902 3225 penetravit
976 3151 1025 3212 476

121 3244 195 3301 acris
209 3254 239 3301 et
253 3243 283 3301 in
296 3261 385 3300 venas
399 3243 531 3301 discessit
545 3242 654 3300 diditus
668 3240 763 3311 ardor,

122 3334 310 3408 consequitur
323 3334 445 3410 gravitas
460 3333 667 3402 membrorum,
683 3328 912 3405 praepediuntur

122 3441 205 3482 crura
217 3423 372 3495 vacillanti,
387 3422 526 3483 tardescit
540 3423 648 3498 lingua,
662 3420 762 3479 madet
777 3436 870 3491 mens,

565 3519 582 3570 6
