2498 3894
175 199 213 262 16
341 221 342 225 ¹
503 212 735 268 LUCRETIUS
1036 216 1075 286 [1.

169 392 233 433 esse
247 383 365 432 aeterna
377 383 484 450 potest,
499 393 566 432 cum
582 384 679 433 cetera
693 374 896 435 dissoluantur.

169 474 231 522 tum
245 482 331 539 porro
346 484 370 523 s1
362 465 423 522 nil
437 475 514 522 esset
528 464 632 567 quod
624 483 710 522 mane
724 448 851 537 vocaret,
876 485 929 541 :p
933 490 1018 537 psi
1028 485 1077 538 520
1128 484 1137 507 ¹
1176 456 1180 467 ’

169 572 257 612 omne
272 556 345 613 foret
359 554 504 627 solidum3
525 555 580 612 nisi
594 565 697 612 contra
710 573 835 630 corpora
849 565 929 613 certa

20 694 35 739 i
110 655 112 659 ’
169 654 266 703 essent
280 663 355 720 quae
368 646 435 703 loca
448 645 633 719 complerent
647 663 852 720 quaecumque
867 655 1009 739 tenerent,

47 731 49 735 ’
168 734 354 815 omnegquod
368 732 420 806 est}
435 735 561 836 spatium
575 754 700 793 vacuum
715 745 861 793 constaret
875 712 970 794 inane.
1046 740 1102 793 ἐν.
1150 736 1157 743 ”
1214 732 1219 741 ’

168 827 207 883 alt
196 827 283 884 ternis
297 826 382 900 igitur
395 826 529 882 nimirum
546 844 652 899 corpus
667 826 746 883 inani
1189 884 1201 925 ÷

169 915 372 987 distinctumst,
387 916 530 1017 qnoniam
541 934 599 973 nec
612 916 733 991 plenum
747 900 859 973 naviter
873 886 952 976 exiit
1027 891 1212 988 52514*¹

168 1024 224 1063 nec
238 1024 325 1080 porro
339 1012 483 1063 vacuum.
479 998 562 1069 sunt
576 1025 646 1081 ergo
661 1024 786 1107 corpora
799 1016 879 1064 certa
970 1037 974 1061 5
1065 1054 1073 1080 Ι.
1116 1028 1134 1083 Ι·

168 1115 243 1172 quae
258 1097 383 1170 spatium
395 1096 484 1171 pleno
499 1097 611 1171 possint
625 1070 824 1171 distinguere
816 1116 912 1157 mane.
961 1106 971 1113 ''
991 1093 1010 1115 ”’
1035 1089 1089 1123 “”·’
1131 1088 1138 1123 ”’
1199 1088 1205 1107 “

59 1146 242 1276 Qffhaec
256 1205 352 1261 neque
367 1186 487 1244 dissolui
501 1186 592 1262 plagis
609 1197 658 1244 ext
659 1189 788 1245 rinsecus
803 1189 862 1245 icta
946 1166 954 1199 ⁷
1013 1246 1016 1251 ,

74 1310 79 1317 ·
167 1286 291 1352 possunt
304 1296 361 1335 nee
374 1295 461 1352 porro
475 1278 862 1368 penitusipenetrataretexi
982 1285 1065 1359 31¹³*
1101 1258 1156 1355 ’·’·,“54
1172 1262 1194 1345 *f

167 1386 223 1425 nec
237 1368 349 1426 ratione
363 1377 475 1442 queunt
488 1368 543 1424 alia
557 1377 699 1442 temptata
711 1369 808 1426 labare
818 1388 828 1440 3
926 1356 976 1421 ζ’)
1019 1355 1077 1440 550
1136 1352 1162 1367 ¹*
1229 1362 1235 1371 ’

128 1497 136 1518 .
167 1457 199 1516 id
211 1458 294 1534 quod
309 1459 366 1516 iam
381 1424 467 1533 sdpra
480 1457 532 1516 tibi
546 1459 635 1533 paulo
650 1457 831 1517 ostendimus
846 1468 923 1517 ante.

41 1458 124 1669 W
167 1563 236 1607 nam
250 1567 347 1624 neque
361 1548 470 1606 conlidi
485 1548 547 1606 sine
562 1549 641 1606 inani
654 1566 741 1623 posse
754 1548 869 1607 videtur

78 1703 82 1709 ὁ
168 1639 326 1714 quicquam
340 1657 395 1695 nec
410 1638 502 1713 frangi
515 1656 572 1695 nee
586 1638 658 1695 findi
673 1639 703 1695 in
717 1639 786 1696 bina
800 1638 930 1697 secando
994 1672 1004 1687 ·

167 1747 224 1787 nec
238 1747 342 1804 capere
357 1746 489 1785 umorem
504 1746 600 1802 neque
616 1729 686 1786 item
700 1728 844 1786 manabile
859 1730 947 1804 frigus

167 1837 224 1876 nee
237 1820 415 1893 penetralem
429 1819 536 1894 ignem,
552 1819 656 1892 quibus
671 1820 770 1876 omnia
784 1819 987 1877 conficiuntur.
1026 1837 1057 1890 53
1060 1837 1074 1890 5

168 1918 198 1966 et
211 1927 270 1982 quo
285 1927 419 1983 quaeque
434 1909 524 1983 magis
539 1909 658 1966 cohibet
672 1928 718 1966 res
732 1910 808 1968 intus
822 1911 918 1983 inane,

167 2007 227 2058 tam
241 1999 333 2072 magis
347 2000 391 2057 his
405 1994 491 2056 rebns
505 1999 621 2073 penitus
636 2009 776 2075 temptata
790 1994 919 2058 labascit.

168 2107 237 2164 ergo
252 2089 275 2147 si
290 2088 382 2146 solida
395 2108 430 2146 ac
446 2089 506 2146 sine
522 2091 601 2147 inani
616 2108 739 2164 corpora
753 2092 847 2165 prima

74 2236 79 2243 ,
168 2189 234 2238 sunt
247 2180 287 2237 ita
299 2180 341 2236 uti
356 2178 452 2251 docui,
467 2181 524 2237 sint
538 2181 611 2238 baec
625 2191 743 2238 aeterna
756 2191 913 2240 necessest.

167 2280 318 2346 praeterea
331 2271 385 2327 nisi
401 2273 533 2328 materies
547 2281 666 2329 aeterna
680 2272 788 2343 fuisset,
1026 2291 1076 2343 540

167 2361 291 2419 antehac
306 2359 344 2418 ad
358 2361 448 2417 mlum
464 2361 579 2434 penitus
593 2380 638 2419 res
654 2380 789 2437 quaeque
804 2361 948 2421 redissent

168 2451 206 2508 de
221 2451 339 2525 niloque
354 2461 454 2507 renata
467 2451 562 2508 forent
577 2470 781 2526 quaecumque
796 2452 938 2511 videmus.

168 2551 197 2599 at
211 2543 349 2616 quoniam
365 2559 451 2616 supra
464 2540 554 2599 docui
569 2543 610 2599 nil
623 2561 709 2616 posse
726 2545 817 2599 creari

168 2631 206 2688 de
221 2632 280 2690 nilo
294 2649 390 2705 neque
406 2630 487 2705 quod
501 2633 632 2706 genitum
648 2643 691 2690 est
706 2632 744 2690 ad
759 2634 799 2691 nil
813 2635 952 2708 revocari,

168 2741 231 2779 esse
246 2722 390 2780 inmortali
404 2723 563 2797 primordia
578 2740 700 2796 corpore
716 2722 835 2795 debent,
1026 2743 1073 2798 545

18 2842 23 2853 .
101 2845 105 2863 ·
168 2811 286 2869 dissolui
302 2791 341 2885 d(
342 2830 361 2868 0
323 2830 509 2886 uquaeque
525 2831 662 2887 supremo
677 2821 809 2887 tempore
823 2814 942 2888 possint,

167 2902 301 2959 materies
316 2912 348 2958 ut
363 2903 499 2978 subpedit
488 2913 530 2960 tet
544 2902 630 2961 rebus
644 2904 821 2981 reparandis.

168 3001 236 3049 sunt
249 2993 299 3066 igit
301 3010 334 3049 ur
288 2990 442 3050 tsolida
455 2992 615 3067 primordia
629 2994 811 3068 simplicitate
916 3068 918 3073 Ι

168 3100 225 3139 nec
238 3093 281 3139 ra
283 3100 350 3139 rone
366 3093 478 3157 queunt
491 3084 546 3139 alra
560 3093 670 3140 servata
685 3103 737 3158 per
750 3103 855 3142 aevom
915 3078 921 3111 ”
972 3142 979 3160 ,
1048 3108 1056 3119 ·
1117 3122 1171 3191 s.

169 3191 206 3231 ex
220 3174 356 3232 infinito
348 3193 406 3231 ram
421 3154 607 3247 tempore
566 3192 611 3230 res
625 3192 768 3249 reparare.
833 3176 862 3225 4’
830 3192 941 3239 aar«
952 3158 1076 3247 'iusisse
1101 3134 1173 3249 fg...
1219 3192 1225 3233 .·

210 3264 383 3339 Denique
363 3284 385 3322 si
400 3265 507 3321 nnllam
522 3265 675 3321 linemt
625 3274 727 3322 natura
741 3274 869 3340 parasset
1030 3278 1033 3283 ’
1063 3282 1082 3323 o
1103 3290 1146 3327 ri.
1178 3310 1185 3335 ,

169 3355 336 3431 frangendis
350 3355 467 3424 rebus,¹
460 3373 517 3411 ram
532 3374 656 3428 corpora
668 3357 797 3414 materiai
865 3385 868 3389 ·

155 3460 263 3531 „psque
277 3445 424 3504 redactaf
421 3455 503 3502 orent
517 3463 589 3503 aevo
604 3445 753 3520 frangente
767 3447 871 3522 priore,

62 3509 712 3733 Wanmpaa
846 3604 867 3673 ,ι

4 2679 23 2755 f
