2498 3894
129 237 195 311 1V.]
366 240 422 293 DE
447 240 594 294 RERUM
622 239 794 294 NATURA
969 241 1027 305 113

125 398 226 458 omnia
238 416 315 475 quae
328 399 437 458 tuimur
448 399 511 458 fieri
524 408 588 459 tum
600 399 671 458 bina
684 397 805 472 tuendo,

125 489 195 548 bina
207 489 390 547 lucernarum
403 490 537 548 florentia
550 490 660 547 lumina
673 489 796 548 flammis
979 507 1029 559 450

124 579 252 653 binaque
266 597 319 655 per
332 589 408 637 totas
422 579 504 637 aedis
518 581 665 654 geminare
681 580 811 654 supellex

125 678 155 726 et
169 668 292 743 duplicis
306 669 458 727 hominum
473 670 562 726 facies
576 679 606 726 et
620 687 743 743 corpora
756 669 834 728 bina.

125 756 253 833 denique
267 777 335 816 cum
351 763 431 816 suavi
445 759 574 816 devinxit
588 759 719 816 membra
732 775 839 833 sopore

124 865 244 906 somnus
258 849 331 906 etin
346 867 460 906 summa
474 867 580 923 corpus
595 849 669 905 iacet
683 866 772 905 omne
787 849 894 923 quiete,

123 946 187 996 tum
200 939 315 1013 vigilare
330 949 430 996 tamen
443 940 528 996 nobis
543 948 572 996 et
586 939 717 996 membra
731 956 848 996 movere
978 957 1026 1013 455

123 1038 224 1086 nostra
237 1029 378 1100 videmur,
394 1029 467 1086 etin
482 1030 576 1086 noctis
591 1028 712 1103 caligine
728 1046 817 1086 caeca

124 1136 242 1176 cernere
257 1137 411 1177 censemus
425 1120 516 1176 solem
531 1119 689 1192 lumenque
704 1118 849 1190 diurnum,

124 1210 323 1283 conclusoque
337 1210 404 1267 loco
419 1211 533 1267 caelum
548 1226 627 1266 mare
642 1208 762 1265 flumina
775 1209 883 1268 montis

123 1308 235 1357 mutare
251 1310 280 1356 et
294 1318 415 1374 campos
426 1299 551 1374 pedibus
565 1299 685 1356 transire
700 1298 841 1372 videmur,

124 1399 154 1446 et
166 1390 277 1447 sonitus
290 1389 400 1460 audire,
415 1407 515 1447 severa
531 1389 643 1447 silentia
656 1389 752 1447 noctis
977 1396 1027 1459 460

123 1479 253 1554 undique
268 1498 336 1537 cum
351 1489 495 1550 constent,
511 1489 540 1536 et
554 1479 677 1536 reddere
693 1478 772 1536 dicta
785 1488 925 1538 tacentes·

123 1579 221 1627 cetera
234 1569 272 1627 de
287 1587 393 1644 genere
408 1570 465 1626 hoc
480 1570 618 1627 miracula
631 1569 721 1626 multa
734 1568 877 1640 videmus,

123 1677 198 1734 quae
212 1659 318 1718 violare
335 1660 426 1717 fidem
440 1661 522 1734 quasi
536 1660 667 1717 sensibus
682 1660 782 1718 omnia
795 1669 946 1734 quaerunt,

122 1750 312 1825 nequiquam,
327 1751 467 1824 quoniam
481 1769 547 1825 pars
562 1750 666 1807 horum
680 1751 807 1807 maxima
821 1751 891 1808 saliit

122 1851 242 1917 propter
255 1841 390 1916 opinatus
403 1841 493 1898 animi
507 1859 581 1915 quos
595 1840 730 1898 addimus
746 1840 811 1915 ipsi,
977 1848 1024 1911 465

122 1948 176 2006 pro
189 1931 256 1988 visis
270 1941 303 1988 ut
316 1931 373 1989 sint
388 1950 462 2006 quae
477 1949 538 1989 non
552 1941 619 1988 sunt
633 1931 759 1989 sensibu'
774 1931 845 1988 visa.

122 2039 191 2078 nam
205 2021 245 2078 nil
258 2022 370 2096 aegrius
385 2031 429 2078 est
443 2040 531 2095 quam
545 2039 590 2078 res
605 2038 756 2078 secernere
771 2030 883 2095 apertas

122 2112 159 2170 ab
174 2110 278 2184 dubiis,
293 2113 406 2169 animus
419 2128 493 2185 quas
507 2112 544 2169 ab
559 2130 589 2169 se
604 2111 735 2186 protinus
750 2110 841 2169 addit.

163 2202 300 2276 Denique
315 2202 355 2259 nil
369 2202 435 2259 sciri
449 2202 538 2276 siquis
552 2211 644 2276 putat,
658 2201 690 2258 id
704 2218 823 2276 quoque
838 2201 931 2259 nescit

122 2309 160 2350 an
174 2292 240 2351 sciri
253 2293 353 2368 possit,
368 2292 506 2367 quoniam
520 2293 560 2348 nil
574 2292 646 2349 scire
661 2291 774 2350 fatetur.
974 2314 1024 2360 470

121 2381 200 2440 hunc
215 2383 301 2458 igitur
314 2383 416 2440 con'tra
431 2383 543 2440 mittam
558 2381 738 2440 contendere
753 2399 882 2452 causam,

121 2472 171 2548 qui
185 2474 281 2548 capite
295 2473 358 2548 ipse
372 2492 424 2531 sua
438 2473 468 2530 in
482 2473 579 2530 statuit
592 2471 713 2546 vestigia
726 2488 799 2530 sese.

121 2572 151 2621 et
164 2573 264 2622 tamen
277 2563 336 2621 hoc
349 2581 467 2638 quoque
483 2563 525 2620 uti
539 2561 703 2619 concedam
716 2561 800 2633 scire,
814 2570 844 2618 at
858 2559 889 2618 id
904 2560 1000 2635 ipsum

120 2671 269 2728 quaeram,
283 2672 353 2712 cum
366 2655 397 2713 in
411 2654 497 2712 rebus
512 2652 571 2710 veri
585 2652 625 2709 uil
639 2651 744 2708 viderit
757 2660 833 2721 ante,

120 2743 199 2801 unde
214 2743 286 2802 sciat
300 2743 372 2818 quid
387 2745 423 2802 sit
436 2744 509 2801 scire
524 2752 554 2815 et
567 2742 680 2800 nescire
693 2741 829 2813 vicissim,
975 2759 1022 2812 475

119 2833 254 2892 notitiam
266 2835 327 2892 veri
340 2851 416 2908 quae
430 2853 476 2891 res
490 2833 611 2908 falsique
626 2831 730 2890 crearit

119 2933 150 2982 et
163 2922 285 2983 dubium
300 2934 380 2982 certo
394 2942 469 2999 quae
483 2943 528 2981 res
543 2922 656 2980 differre
670 2922 807 2998 probarit.

118 3013 249 3072 invenies
263 3015 362 3090 primis
375 3015 413 3072 ab
427 3014 557 3072 sensibus
572 3031 634 3070 esse
649 3021 777 3070 creatam

117 3104 253 3162 notitiem
266 3105 326 3162 veri
340 3122 438 3179 neque
452 3122 553 3162 sensus
568 3121 654 3179 posse
668 3102 766 3160 refelli.

117 3210 187 3252 nam
201 3196 311 3252 maiore
324 3194 384 3253 fide
398 3194 487 3253 debet
500 3193 649 3268 reperirier
662 3191 742 3264 iliud,

119 3294 223 3359 sponte
237 3303 290 3343 sua
303 3285 377 3343 veris
391 3283 473 3360 quod
487 3285 579 3360 possit
591 3284 707 3342 vincere
721 3283 799 3340 falsa.

119 3373 190 3450 quid
204 3376 313 3434 maiore
327 3375 386 3434 fide
400 3394 487 3451 porro
502 3393 591 3450 quam
606 3392 706 3432 sensus
721 3372 820 3431 haberi

117 3463 229 3525 debet?
248 3484 286 3524 an
301 3467 338 3525 ab
351 3484 438 3525 sensu
451 3466 523 3525 salso
537 3465 609 3605 rgtio
623 3473 687 3523 orta
698 3463 805 3522 valebit
