2498 3894
97 194 170 266 111.]
342 199 397 251 DE
423 199 571 253 RERUM
598 199 770 255 NATURA
960 191 1002 270 89

94 361 271 418 conveniant
283 359 363 418 unde
377 379 436 418 una
448 362 608 434 recesserit,
624 361 682 419 hoc
697 370 796 419 tamen
810 371 855 420 est
868 371 901 420 ut
952 382 997 435 725

94 451 296 524 quaerendum
310 450 442 508 videatur
456 460 486 509 et
501 451 531 509 in
546 451 702 509 discrimen
717 452 875 526 agendum,

93 550 190 597 utrum
203 540 323 598 tandem
338 542 452 598 animae
467 552 609 599 venentur
623 543 734 629 semina
748 560 884 618 quaeque

91 632 316 689 vermiculorum
331 632 469 706 ipsaeque
485 632 539 689 sibi
554 632 730 690 fabricentur
744 633 793 691 ubi
808 634 874 706 sint,
998 618 1032 688 rs
1071 652 1077 689 ς,

92 739 130 778 an
144 723 227 796 quasi
241 722 412 796 corporibus
426 722 563 796 perfectis
578 723 768 781 insinuentur.

90 820 121 868 at
134 830 231 887 neque
246 832 298 869 cur
311 813 417 870 saciant
431 814 510 888 ipsae
526 831 651 887 quareve
665 814 798 871 laborent
948 838 996 888 730

91 901 189 959 dicere
204 902 380 978 suppeditat.
395 915 491 977 neque
506 904 593 976 enirn,
610 905 672 960 sine
688 922 811 978 corpore
827 924 895 963 curn
910 919 987 980 sunt,

90 993 228 1050 sollicitae
242 994 362 1051 volitant
376 994 483 1051 morbis
497 994 622 1068 alguque
638 995 792 1068 fameque3

89 1100 196 1157 eorpus
211 1083 290 1141 enim
304 1084 394 1185 magis
409 1083 453 1141 his
468 1084 543 1142 vitiis
557 1083 654 1141 adfine
669 1085 781 1142 laborat

89 1182 120 1230 et
132 1173 209 1230 mala
223 1174 313 1231 multa
327 1175 442 1232 animus
457 1185 581 1248 contage
597 1174 724 1249 fungitur
738 1176 809 1233 eius,

88 1262 142 1321 sed
156 1273 255 1322 tamen
270 1237 314 1322 ills
329 1274 392 1321 esto
406 1265 538 1338 quamvis
552 1265 646 1321 facere
661 1275 693 1320 ut
682 1265 730 1322 tile
745 1284 860 1339 corpus
946 1287 991 1339 735
1041 1213 1194 1436 Osi

88 1372 157 1412 cum
170 1355 312 1427 subeant3
333 1365 363 1412 at
378 1372 436 1428 qua
449 1355 561 1429 possint
574 1355 621 1412 via
634 1355 713 1411 nulla
725 1356 849 1412 videtur
1074 1322 1196 1394 [dlv

87 1443 179 1502 haut
171 1445 284 1519 igiturf
280 1445 379 1502 aciunt
392 1445 507 1502 animae
522 1445 577 1502 sibi
592 1463 716 1519 corpora
730 1456 759 1502 e
773 1455 861 1504 artus.

87 1552 144 1592 nec
158 1544 257 1593 tamen
271 1544 315 1593 est
329 1509 411 1609 niqui
425 1535 583 1636 perfectis
576 1536 722 1593 insinuent
723 1554 757 1592 ur
917 1467 1027 1786 {m
1046 1513 1196 1616 ajal(

87 1626 276 1699 corporibus3
298 1643 395 1700 neque
429 1644 489 1683 nrm
503 1634 641 1701 poterunt
655 1637 722 1699 supt
711 1626 765 1682 tilit
754 1637 797 1682 ter
811 1644 875 1684 esse

86 1733 218 1773 conexae
232 1733 329 1789 neque
344 1625 504 1773 εοιέζιιειιε
518 1716 653 1790 contagia
667 1716 746 1774 fient.

126 1805 263 1879 Denique
278 1824 330 1862 cur
343 1806 416 1864 acris
429 1805 568 1864 violentia
582 1807 661 1863 triste
676 1806 795 1863 leonum
1072 1795 1201 1876 „fiat

85 1897 239 1954 seminium
254 1897 391 1971 sequitur,
406 1897 508 1971 volpes
522 1896 616 1968 dolus,
632 1908 661 1955 et
675 1899 743 1972 fuga
757 1916 867 1969 cervos,

84 1995 115 2043 et
128 1987 186 2044 iam
201 1996 297 2044 cetera
311 1986 349 2044 de
363 2004 471 2062 genere
485 1987 544 2045 hoc
558 2006 610 2045 cur
624 1989 723 2045 omnia
737 1989 875 2046 membris

84 2094 122 2134 ex
135 2077 253 2135 ineunte
267 2095 340 2136 aevo
354 2086 547 2152 generascunt
561 2079 748 2152 ingenioque,

83 2167 191 2239 sinon,
206 2176 286 2224 certa
299 2185 352 2225 suo
366 2168 434 2241 quia
448 2169 559 2225 semine
574 2169 757 2242 seminioque

82 2257 125 2315 vis
139 2257 227 2316 animi
240 2257 346 2333 pariter
359 2258 462 2316 crescit
476 2277 543 2315 curn
559 2276 681 2332 corpore
696 2259 781 2316 toto?

84 2347 165 2423 quod
179 2349 203 2407 si
216 2348 375 2406 inmortalis
389 2349 463 2406 foret
477 2358 506 2406 et
519 2359 631 2406 mutare
646 2349 751 2406 soleret

83 2456 215 2513 corpora,
229 2439 378 2514 permixtis
393 2439 554 2497 animantes
569 2440 697 2498 moribus
712 2447 820 2510 essent3

83 2528 222 2604 effugeret
235 2530 315 2587 canis
331 2530 471 2604 Hyrcano
486 2528 523 2587 de
539 2531 650 2587 semine
665 2547 753 2603 saepe

82 2620 224 2694 cornigeri
238 2620 387 2677 incursum
402 2621 480 2677 cervi
495 2629 689 2694 tremeretque
703 2638 756 2694 per
769 2638 852 2678 auras

80 2710 155 2768 airis
168 2710 307 2785 accipiter
321 2707 434 2786 fugiens
449 2711 583 2768 veniente
599 2710 744 2781 columba,

82 2798 248 2875 desiperent
262 2798 404 2872 homines,
420 2812 554 2875 saperent
568 2801 628 2858 fera
642 2800 737 2858 saecla
752 2801 885 2858 ferarum.

80 2889 150 2947 illud
165 2891 243 2948 enim
258 2891 328 2948 salsa
341 2890 429 2948 fertur
443 2892 563 2963 ratione,
581 2890 661 2960 quod
676 2890 756 2947 aiunt

80 2980 264 3038 inmortalem
278 2981 405 3038 animam
419 2990 531 3038 mutato
546 2999 668 3055 corpore
684 2980 769 3038 flecti.

81 3068 162 3144 quod
176 3080 302 3128 mutatur
315 3071 395 3128 enim
409 3071 581 3142 dissolvitur,
596 3071 693 3128 interit
708 3088 797 3145 ergo;

79 3160 249 3219 traiciuntur
261 3161 340 3219 enirn
354 3171 450 3236 partes
465 3169 551 3235 at'que
567 3160 669 3219 ordine
684 3161 828 3236 migrant;

80 3267 169 3326 quare
183 3250 303 3310 dissolui
317 3269 435 3327 quoque
451 3251 560 3309 debent
574 3270 660 3327 posse
676 3269 729 3326 per
743 3263 829 3324 artus,

79 3340 208 3417 denique
222 3351 254 3399 ut
267 3343 410 3400 intereant
423 3361 481 3399 una
495 3361 562 3399 curn
578 3360 700 3418 corpore
716 3353 849 3400 cunctae.

78 3431 123 3491 sin
137 3432 248 3491 animas
262 3431 414 3491 hominum
429 3433 529 3491 dicent
543 3434 573 3490 in
587 3451 711 3509 corpora
726 3450 842 3508 semper
