2498 3894
123 249 183 311 160
451 262 683 316 LUCRETIUS
969 261 1019 330 [V-

117 421 255 496 linquitur
267 431 300 480 ut
314 422 417 480 merito
432 431 595 480 maternum
609 439 719 479 nomen
733 420 843 495 adepta
938 451 943 462 ·
973 438 1021 493 795

118 521 193 570 terra
207 513 252 584 sit,
270 530 286 570 e
301 522 377 570 terra
390 513 530 586 quoniam
544 521 611 570 sunt
625 521 732 569 cuncta
746 519 852 570 creata.

119 599 267 676 multaque
281 621 361 660 nunc
375 603 463 659 etiam
477 602 604 660 existunt
616 601 752 659 animalia
766 601 863 671 terris⁸

118 692 256 751 imbribus
271 701 300 750 et
314 692 410 750 calido
425 692 492 751 solis
506 702 644 750 concreta
657 709 765 766 vapore
777 712 786 763 3

119 800 178 856 quo
193 783 287 839 minus
302 792 346 839 est
360 783 464 839 mirum
478 783 502 839 si
516 791 578 839 tum
593 792 660 840 sunt
673 782 756 856 plura
770 789 871 840 coorta

119 881 148 928 et
163 873 280 943 maiora,
296 890 372 929 nova
386 873 485 930 tellure
499 881 587 945 atque
602 872 718 930 aethere
733 871 840 930 adulta.
974 879 1025 928 800

118 962 262 1037 principio
276 980 368 1037 genus
382 963 501 1020 alituum
515 954 669 1036 variaeque
684 962 816 1019 volucres

120 1070 175 1109 ova
188 1053 391 1127 relinquebant
404 1054 538 1111 exclusae
553 1063 686 1126 tempore
700 1070 800 1125 verne,

119 1142 262 1199 folliculos
277 1153 309 1200 ut
322 1161 400 1200 nunc
415 1143 512 1200 teretis
527 1152 636 1200 aestate
651 1141 773 1200 cicadae

119 1232 230 1289 lincunt
244 1243 348 1307 sponte
364 1252 415 1290 sua
428 1233 537 1290 victum
551 1233 698 1307 vitamque
712 1240 856 1307 petentes.

120 1331 182 1379 tum
197 1322 248 1379 tibi
263 1332 338 1379 terra
351 1321 434 1379 dedit
447 1323 573 1396 primum
591 1316 839 1380 mortalia‘saecla.
976 1327 1025 1392 805

119 1412 226 1470 multus
242 1412 318 1468 enim
334 1412 413 1469 calor
427 1422 514 1487 atque
529 1430 615 1469 umor
628 1412 782 1487 superabat
796 1412 826 1469 in
841 1411 923 1470 arvis

120 1502 178 1559 hoc
192 1502 242 1559 ubi
257 1520 392 1577 quaeque
406 1503 463 1560 loci
477 1502 557 1576 regio
573 1513 739 1577 opportuna
753 1500 885 1572 dabatur,

121 1592 292 1649 crescebant
307 1592 381 1649 uteri
394 1601 499 1650 terram
513 1591 660 1650 radicibus
674 1592 753 1666 apti3

121 1700 195 1757 quos
210 1683 260 1739 ubi
275 1692 405 1756 tempore
421 1692 535 1740 maturo
550 1683 728 1757 patefecerat
741 1692 837 1740 aestus

120 1772 263 1829 infantum
278 1772 390 1847 fugiens
404 1791 537 1831 umorem
552 1791 694 1846 aurasque
709 1783 869 1847 petessens,
974 1780 1026 1829 810

122 1862 309 1920 convertebat
323 1863 363 1921 ibi
376 1873 478 1920 natura
491 1863 632 1920 foramina
646 1873 736 1920 terrae

122 1962 152 2010 et
166 1971 268 2011 sucum
282 1953 363 2010 venis
378 1954 502 2027 cogebat
516 1952 638 2010 fundere
652 1953 758 2027 apertis

122 2042 304 2099 consimilem
318 2042 409 2113 lactis,
425 2043 499 2100 sicut
514 2061 591 2099 nunc
607 2043 715 2100 femina
728 2059 863 2116 quaeque

122 2151 190 2189 cum
205 2133 327 2207 peperit,
342 2132 421 2189 dulci
436 2133 562 2207 repletur
575 2133 659 2203 lacte,
676 2132 756 2207 quod
771 2133 866 2191 omnis

122 2223 248 2297 impetus
262 2223 292 2279 in
306 2241 447 2280 mammas
462 2223 638 2279 convertitur
651 2223 697 2279 ille
712 2223 849 2280 alimenti.
978 2231 1027 2294 815

123 2322 197 2369 terra
212 2313 308 2370 cibum
323 2314 427 2387 pueris,
443 2323 553 2369 vestem
568 2331 667 2387 vapor,
683 2314 772 2370 herba
788 2314 882 2371 cubile

123 2403 282 2477 praebebat
296 2403 386 2460 multa
401 2413 430 2459 et
444 2404 524 2459 molli
538 2403 673 2477 lanugine
688 2403 848 2461 abundans.

123 2502 153 2549 at
166 2493 278 2549 novitas
293 2492 395 2550 mundi
410 2511 465 2549 nec
479 2493 583 2567 frigora
597 2493 669 2550 dura
683 2494 778 2551 ciebat

124 2600 180 2639 nec
194 2582 299 2638 nimios
314 2593 409 2639 aestus
424 2600 480 2639 nec
494 2583 606 2656 magnis
620 2584 726 2641 viribus
740 2602 834 2641 auras
924 2580 927 2584 ’

124 2673 223 2730 omnia
237 2672 316 2728 enim
330 2673 435 2746 pariter
450 2684 583 2729 crescunt
597 2683 626 2730 et
640 2674 747 2730 robora
760 2683 888 2731 sumunt.
980 2681 1031 2730 820

166 2762 263 2834 Quare
278 2762 366 2818 etiam
380 2772 467 2836 atque
482 2763 569 2820 etiam
584 2774 746 2820 maternum
761 2781 871 2820 nomen
887 2762 996 2837 adepta

125 2861 200 2908 terra
214 2861 293 2908 tenet
309 2853 420 2922 merit0,
437 2854 576 2926 quoniam
590 2872 681 2928 genus
696 2854 758 2928 ipsa
773 2855 881 2911 creavit

125 2941 285 2999 humanum
300 2952 386 3016 atque
401 2943 509 3000 animal
523 2961 615 3017 prope
631 2953 711 3000 certo
727 2953 859 3017 tempore
874 2943 949 3001 fudit

124 3050 213 3088 omne
228 3031 308 3106 quod
323 3034 352 3090 in
366 3034 479 3108 magnis
493 3034 652 3091 bacchatur
665 3034 806 3091 montibu’
822 3034 939 3108 passim,

125 3123 274 3196 aeriasque
289 3124 374 3181 simul
387 3124 519 3181 volucres
533 3123 704 3180 variantibu'
719 3124 826 3181 formis.
980 3131 1029 3196 825

125 3211 179 3269 sed
193 3213 261 3286 quia
274 3214 362 3270 finem
377 3214 503 3286 aliquam
517 3213 648 3288 pariendi
662 3213 751 3272 debet
765 3214 881 3286 habere,

125 3302 242 3373 destitit,
258 3314 289 3361 ut
304 3304 405 3360 mulier
419 3304 512 3378 spatio
524 3303 637 3361 defessa
651 3314 774 3362 vetusto.

124 3403 218 3451 mutat
232 3395 309 3451 eninr
326 3393 426 3450 mundi
442 3403 572 3450 naturam
587 3395 673 3451 totius
688 3405 767 3452 aetas

125 3501 163 3541 ex
176 3485 292 3559 alioque
306 3484 377 3541 alius
391 3493 482 3541 status
496 3485 630 3559 excipere
645 3485 746 3542 omnia
758 3483 857 3555 debet,
