2498 3894
120 186 174 257 u]
362 186 416 239 oe
443 186 589 240 RERUM
617 186 790 242 unauna
967 189 1026 256 173
1104 209 1113 225 ·

120 347 180 404 sive
194 346 268 404 feras
282 346 443 405 interlicere
457 355 487 403 et
502 345 644 404 ditescere
659 345 777 422 praeda

119 456 188 495 nam
202 438 287 495 fovea
302 447 389 511 atque
405 437 464 511 igni
478 437 556 511 prius
571 449 615 494 est
628 439 759 495 venarier
773 447 869 496 ortum
964 458 1027 511 1250

120 545 209 602 quam
223 527 335 601 saepire
349 527 440 602 plagis
455 528 559 584 saltum
575 528 754 602 canibusque
770 528 857 586 ciere.

120 615 265 691 quidquid
279 614 310 673 id
324 625 376 687 est,
392 635 578 692 quacumque
593 635 610 674 e
625 635 714 675 causa
729 617 879 676 flammeus
894 619 980 677 ardor

120 706 247 765 horribili
262 707 359 764 sonitu
373 707 456 765 silvas
471 706 609 764 exederat
623 707 687 765 altis

120 798 158 856 ab
172 797 318 855 radicibus
332 806 362 854 et
376 806 480 854 terram
498 807 669 872 percoxerat
683 797 751 872 igni,

119 888 257 946 manabat
270 888 351 944 venis
365 886 540 945 ferventibus
553 887 584 944 in
597 887 664 944 loca
677 897 769 946 terrae
965 909 1026 962 1255

119 995 250 1034 concava
263 976 440 1034 conveniens
454 978 564 1052 argenti
578 977 654 1034 rivus
669 986 699 1035 et
714 978 784 1050 auri,

119 1067 193 1125 aeris
207 1068 277 1124 item
292 1076 321 1123 et
335 1067 456 1141 plumbi.
471 1085 547 1142 quae
561 1085 630 1124 cum
644 1077 784 1125 concreta
798 1069 937 1128 videbant

120 1157 267 1232 posterius
281 1157 359 1214 claro
374 1157 404 1213 in
418 1166 495 1214 terra
508 1157 662 1231 splendere
677 1157 785 1228 colore,

120 1247 262 1305 tollebant
275 1245 368 1304 nitido
383 1247 462 1321 capti
475 1247 589 1321 levique
603 1246 712 1321 lepore,

121 1346 151 1396 et
165 1337 249 1394 simili
263 1338 385 1394 formata
398 1335 537 1394 videbant
551 1353 614 1394 esse
630 1337 722 1412 ligura
964 1348 1026 1396 120‘0

120 1437 208 1502 atque
222 1427 391 1484 lacunarum
405 1427 517 1484 fuerant
530 1427 650 1502 vestigia
664 1426 779 1502 cuique.

119 1526 183 1575 turn
196 1517 367 1591 penetrabat
381 1535 433 1575 eos
447 1535 534 1591 posse
550 1516 624 1574 haec
640 1517 797 1592 liquefacta
810 1517 906 1576 calore

120 1607 280 1682 quamlibet
294 1608 324 1664 in
339 1607 461 1664 sormam
477 1616 506 1664 et
520 1607 626 1664 faciem
641 1607 795 1665 decurrere
809 1626 907 1665 rerum

120 1707 150 1755 et
164 1715 296 1773 prorsum
311 1697 443 1771 quamvis
458 1698 487 1753 in
501 1707 588 1754 acuta
601 1716 636 1754 ac
651 1699 747 1754 tenvia
761 1714 849 1773 posse

120 1806 298 1846 mucronum
313 1787 381 1845 duci
396 1787 508 1861 fastigia
521 1786 725 1861 procudendo,
964 1797 1024 1860 1265

120 1887 153 1935 ut
167 1878 221 1937 sibi
236 1878 293 1936 tela
306 1877 418 1948 darent,
433 1877 575 1952 silvasque
590 1887 622 1934 ut
636 1877 760 1935 caedere
774 1888 894 1953 possent

120 1969 331 2042 materiemque
346 1967 445 2025 dolare
460 1977 490 2025 et
503 1967 577 2024 levia
591 1967 692 2026 radere
707 1967 787 2042 tigna

120 2068 150 2117 et
163 2059 307 2116 terebrare
322 2059 410 2115 etiarn
424 2076 459 2114 ac
474 2055 649 2132 pertundere
663 2075 774 2133 perque
790 2059 892 2118 forare.

119 2166 176 2207 nec
190 2149 286 2207 minus
300 2158 420 2223 argento
435 2148 529 2205 facere
545 2147 618 2205 haec
633 2165 763 2222 auroque
777 2150 919 2223 parabant

120 2256 209 2314 quarn
224 2239 311 2297 validi
325 2239 452 2314 primum
465 2238 598 2294 violentis
612 2237 719 2295 viribus
733 2238 816 2310 aeris,
963 2260 1026 2305 1270

120 2329 310 2404 nequiquam,
326 2329 465 2404 quoniam
480 2327 605 2386 cedebat
618 2328 696 2385 victa
709 2338 840 2403 potestas

120 2437 177 2477 nec
190 2429 304 2495 poterat
319 2420 425 2494 pariter
439 2419 544 2477 durum
559 2418 674 2476 sufferre
689 2419 828 2478 laborem.

120 2518 184 2566 tum
198 2509 250 2567 fuit
264 2510 294 2566 in
308 2509 404 2583 pretio
421 2510 512 2584 magis
526 2527 576 2566 aes
590 2527 750 2583 aurumque
766 2510 879 2567 iacebat

120 2608 240 2675 propter
253 2599 436 2656 inutilitatem
450 2598 549 2657 hebeti
562 2616 703 2656 mucrone
718 2609 856 2659 retusum.

121 2707 200 2746 nunc
206 2689 281 2746 iacet
289 2707 348 2759 aes,
355 2708 456 2746 aurum
465 2689 494 2746 in
501 2690 792 2747 summumsuccessit
802 2689 954 2749 honorem.
963 2710 1024 2763 1²⁷5

121 2779 163 2837 sic
176 2779 321 2837 volvenda
334 2789 413 2836 aetas
428 2789 589 2836 commutat
603 2789 738 2853 tempora
750 2797 856 2839 rerum.

122 2868 203 2944 quod
216 2869 312 2944 suitpin
326 2869 430 2944 pretio,
445 2870 477 2927 fit
490 2869 569 2927 nullo
583 2869 711 2944 denique
726 2869 858 2944 honore;

122 2977 208 3034 porro
223 2960 291 3017 aliut
305 2959 437 3017 succedit
451 2969 481 3017 et
495 2976 512 3017 e
527 2959 745 3035 contemptibus
759 2960 819 3017 exit

121 3052 210 3127 inque
224 3050 287 3110 dies
301 3053 393 3127 magis
406 3052 552 3127 adpetitur
565 3052 706 3126 floretque
720 3063 867 3127 repertum

122 3141 255 3200 laudibus
269 3152 298 3200 et
312 3145 386 3200 miro
401 3152 445 3200 est
459 3142 586 3199 mortalis
601 3143 676 3199 iuter
692 3140 813 3201 honore.
964 3151 1026 3202 1280

163 3233 252 3290 Nunc
266 3232 318 3290 tibi
333 3250 392 3307 quo
406 3242 493 3307 pacto
508 3232 572 3289 ferri
587 3241 689 3289 natura
702 3242 818 3308 reperta

123 3322 160 3380 sit
172 3323 282 3381 facilest
295 3323 349 3397 ipsi
365 3341 417 3397 per
430 3333 458 3380 te
473 3340 661 3397 cognoscere,
676 3322 811 3380 Memmi.

124 3430 204 3471 arma
217 3413 335 3490 antiqua
349 3431 451 3472 manus
466 3431 578 3488 ungues
593 3413 755 3490 dentesque
769 3413 884 3472 suerunt
