2498 3894
159 183 213 254 ΙΙ,]
396 187 450 238 DE
476 187 623 240 RERUM
651 186 823 239 NATURA

155 345 343 421 nequiquam,
358 348 496 422 quoniam
511 366 568 405 nec
581 365 673 406 venae
687 349 889 423 perpetiuntur

1018 176 1061 256 67

155 436 237 510 quod
251 440 318 495 satis
333 448 377 496 est
390 457 486 513 neque
501 448 641 513 quantum
653 457 727 512 opus
739 448 782 496 est
793 449 895 498 natura
906 441 1058 502 ministrat.

152 527 214 587 iure
229 529 315 603 igitur
328 540 459 604 pereunt,
475 548 543 586 cum
559 530 698 586 rarefacta
712 529 831 588 fluendo

83 658 86 664 -
153 627 220 675 sunt
234 629 264 675 et
278 637 345 676 cum
360 620 484 676 externis
498 619 693 677 succumbunt
707 620 807 677 omnia
821 621 921 696 plagis,

153 707 394 782 quandoquidem
408 709 509 785 grandi
524 709 607 767 cibus
622 728 694 766 aevo
710 709 838 785 denique
853 712 925 769 defit

152 815 208 855 nec
223 797 376 856 tuditantia
389 817 451 856 rem
466 809 580 856 cessant
595 800 773 858 extrinsecus
786 802 875 859 ullam

152 905 276 962 corpora
289 890 434 947 conficere
450 898 479 946 et
492 882 584 964 plagis
598 889 702 946 infesta
716 889 846 949 domare.

151 977 193 1035 sic
207 978 292 1052 igitur
305 979 403 1053 magni
417 997 536 1053 quoque
551 979 662 1037 circum
677 982 794 1037 moenia
807 980 912 1039 mundi

151 1078 317 1143 expugnata
330 1068 442 1127 dabunt
455 1069 551 1126 labem
567 1070 716 1144 putrisque
730 1071 836 1129 ruinas.

150 1156 267 1231 iamque
281 1158 357 1216 adeo
372 1160 462 1216 fracta
475 1169 519 1216 est
532 1169 611 1217 aetas
626 1159 770 1234 effetaque
785 1161 869 1219 tellus

149 1247 198 1305 vix
211 1249 346 1306 animalia
359 1267 448 1323 parva
461 1260 540 1307 creat
554 1268 629 1324 quae
643 1261 751 1308 cuncta
764 1252 872 1309 creavit

150 1339 245 1396 saecla
258 1338 399 1413 deditque
413 1340 537 1397 ferarum
551 1340 680 1415 ingentia
694 1359 818 1415 corpora
831 1352 925 1415 partu.

148 1427 237 1499 haud,
252 1438 285 1486 ut
298 1429 412 1503 opinor,
428 1430 506 1487 enim
520 1431 653 1488 mortalia
667 1431 764 1488 saecla
777 1449 902 1506 superne

148 1535 236 1576 aurea
249 1517 287 1576 de
302 1518 386 1577 caelo
401 1518 518 1577 demisit
531 1520 606 1578 funis
621 1521 651 1577 in
665 1539 733 1577 arva

147 1625 205 1667 nec
218 1627 297 1667 mare
312 1627 369 1667 nec
383 1609 488 1668 fluctus
502 1610 666 1685 plangentis
680 1629 749 1668 saxa
761 1621 905 1683 crearunt,

60 1700 62 1704 ’
147 1697 201 1756 sed
215 1700 316 1774 genuit
330 1701 413 1759 tellus
427 1700 533 1758 eadem
548 1719 623 1775 quae
639 1719 718 1758 nunc
732 1702 782 1758 alit
796 1719 833 1758 ex
847 1719 888 1760 se.

147 1807 168 1863 p
200 1798 298 1847 eterea
311 1790 417 1848 nitidas
431 1793 526 1865 fruges
540 1792 696 1866 vinetaque
710 1791 786 1849 laeta

62 1916 71 1931 ,
148 1876 182 1953 sp
202 1888 252 1937 nte
267 1899 319 1938 sua
332 1882 458 1954 primum
473 1881 640 1939 mortalibus
655 1882 718 1956 ipsa
733 1882 849 1956 creavit,

147 1968 211 2044 ipsa
224 1957 307 2029 dedit
321 1970 414 2029 dulcis
429 1972 504 2029 fetus
519 1980 548 2029 et
562 1972 672 2046 pabula
684 1972 779 2045 laeta3

148 2077 223 2134 quae
237 2079 317 2117 nunc
330 2061 378 2118 vix
391 2070 491 2119 nostro
505 2060 701 2135 grandescunt
714 2070 802 2119 aucta
815 2063 924 2135 labore,

148 2151 384 2225 conterimusque
398 2152 488 2209 boves
503 2161 532 2209 et
545 2152 610 2210 viris
625 2151 823 2226 agricolarum,

147 2240 320 2299 conficimus
334 2241 503 2323 ferrumutvix
517 2243 590 2299 arvis
606 2241 802 2317 suppeditati:

148 2350 241 2407 usque
256 2333 333 2392 adeo
347 2330 470 2409 parcunt
484 2335 559 2392 fetus
573 2344 739 2409 augentque
754 2336 862 2395 labore.

147 2421 264 2498 iamque
279 2434 368 2499 caput
382 2442 521 2498 quassans
535 2425 652 2500 grandis
667 2425 790 2499 suspirat
803 2437 900 2484 arator

148 2514 284 2585 crebrius
299 2514 444 2572 incassum
458 2533 598 2572 manuum
612 2514 754 2573 cecidisse
769 2516 890 2588 labores,

148 2612 177 2661 et
191 2621 258 2660 cum
273 2613 406 2678 tempora
419 2605 599 2679 temporibus
613 2605 776 2680 praesentia
790 2607 903 2664 confert

146 2693 316 2768 praeteritis,
331 2693 429 2753 laudat
443 2695 571 2753 fortunas
586 2713 673 2768 saepe
684 2696 812 2769 parentis

148 2792 178 2841 et
191 2794 300 2859 crepat,
315 2785 444 2842 anticum
458 2803 550 2859 genus
564 2794 596 2842 ut
609 2785 716 2858 pietate
730 2785 874 2859 repletum

147 2873 283 2948 perfacile
297 2875 425 2949 angustis
439 2875 566 2933 tolerarit
579 2874 685 2933 finibus
699 2893 813 2947 aevom,

148 2981 216 3020 cum
230 2963 326 3021 minor
339 2974 416 3022 esset
428 2965 489 3039 agri
502 2966 593 3022 multo
609 2964 714 3022 modus
729 2975 795 3023 ante
810 2965 925 3025 viritim.

147 3052 234 3111 tristis
248 3053 319 3111 item
332 3055 446 3112 vetulae
461 3055 524 3113 vitis
539 3067 617 3112 sator
630 3064 718 3128 atque
732 3055 827 3113 vietae

148 3143 288 3223 temporis
302 3144 417 3202 incusat
430 3162 551 3203 momen
564 3135 736 3219 caelumque
751 3145 851 3220 fatigat

148 3250 204 3290 nec
218 3242 299 3292 tenet
312 3235 412 3292 omnia
424 3235 563 3310 paulatim
577 3236 727 3293 tabescere
743 3246 772 3292 et
786 3236 827 3294 ire

148 3321 187 3380 ad
201 3323 338 3398 capulum
352 3325 447 3401 spatio
461 3326 563 3384 aetatis
579 3325 691 3383 defessa
705 3335 829 3384 vetusto

990 2072 1053 2121 1160
