2498 3894
133 185 200 256 vt]
379 188 434 239 DE
460 188 607 241 RERUM
635 190 806 244 NATURA
977 183 1034 258 185

132 331 222 387 multa
235 340 389 406 rotantque
403 331 480 389 cavis
495 332 642 389 flammam
656 333 820 392 fornacibus
834 333 921 410 intus,

131 420 228 478 donec
243 421 354 479 divolsa
367 422 506 480 fulserunt
520 423 598 480 nube
613 423 734 481 corusci.

171 513 240 568 Hac
254 512 342 569 etiarn
356 513 390 570 fit
403 513 445 570 uti
460 512 497 570 de
513 532 600 570 causa
613 515 728 572 mobilis
743 514 789 573 ille

130 599 247 659 devolet
261 603 290 659 in
305 612 410 661 terram
424 603 526 678 liquidi
541 604 622 660 color
636 623 740 663 aureus
753 605 829 680 ignis
988 627 1032 679 205

130 695 241 751 semina
255 693 336 768 quod
350 695 442 753 nubes
457 695 533 769 ipsas
547 696 691 769 permulta
704 706 854 755 necessust

129 783 202 856 ignis
217 784 342 856 habere;
364 786 473 842 etenim
488 803 556 841 cum
571 795 637 842 sunt
651 804 753 843 umore
767 788 830 844 sine
845 788 914 860 ullo,

128 873 279 931 flammeus
294 884 337 932 est
351 874 523 949 plerumque
537 875 618 932 colos
633 886 662 933 et
677 876 846 950 splendidus
861 878 932 936 ollis

128 965 199 1038 quin
213 965 300 1021 etiam
314 965 381 1023 solis
396 966 434 1023 de
449 966 557 1022 lumine
573 966 663 1022 multa
677 977 824 1025 necessest

127 1054 293 1129 concipere,
309 1065 341 1112 ut
354 1056 458 1113 merito
472 1056 595 1113 rubeant
610 1056 749 1130 ignesque
765 1058 951 1132 profundant.
984 1080 1033 1115 210

127 1144 215 1202 hasce
231 1146 315 1219 igitur
328 1164 395 1203 curn
410 1155 512 1203 ventus
526 1164 616 1220 agens
631 1148 771 1204 contrusit
786 1148 814 1204 in
829 1167 920 1206 unum

127 1236 355 1310 compressitque
370 1237 467 1294 locum
482 1254 600 1311 cogens,
616 1254 752 1310 expressa
766 1238 946 1311 profundunt

126 1327 238 1382 semina
252 1344 326 1400 quae
342 1326 451 1384 faciunt
465 1327 599 1383 flammae
615 1328 723 1401 fulgere
739 1328 860 1385 colores.
1008 1321 1011 1327 ’

126 1414 208 1490 fulgit
222 1416 300 1485 item,
316 1434 383 1473 curn
398 1426 547 1473 rarescunt
561 1434 681 1491 quoque
696 1417 795 1474 nubila
810 1418 892 1476 caeli.

126 1525 194 1563 nam
209 1525 276 1562 cum
290 1517 393 1564 ventus
407 1525 456 1564 eas
470 1507 570 1564 leviter
585 1505 697 1564 diducit
712 1507 806 1564 euntis
981 1528 1026 1582 215

126 1596 324 1671 dissoluitque,
340 1596 447 1653 cadant
461 1597 577 1672 ingratis
592 1597 639 1654 illa
652 1608 801 1655 necessest

125 1688 237 1744 semina
251 1705 324 1760 quae
341 1688 449 1744 faciunt
463 1687 613 1761 fulgorem.
629 1697 691 1744 tum
706 1689 768 1745 sine
783 1698 875 1746 taetro

123 1785 231 1834 terrore
247 1787 276 1834 et
289 1778 384 1834 sonitu
399 1777 480 1851 fulgit
494 1777 631 1851 nulloque
646 1779 779 1835 tumultu.

164 1866 255 1941 Quod
270 1878 409 1941 superest,
419 1868 496 1941 quali
510 1877 612 1925 natura
626 1867 759 1942 praedita
774 1878 910 1928 constent

122 1957 250 2028 fulmina,
267 1956 418 2014 declarant
432 1958 505 2015 ictus
520 1967 549 2013 et
563 1958 657 2014 inusta
671 1959 785 2032 vaporis
982 1982 1029 2018 220

122 2048 204 2122 signa
218 2058 364 2123 notaeque
379 2048 472 2123 gravis
486 2047 609 2104 halantis
625 2048 748 2121 sulpuris
763 2067 855 2108 auras.

121 2138 195 2212 ignis
209 2139 288 2195 enirn
303 2147 370 2202 sunt
384 2138 457 2194 haec
472 2155 531 2194 non
545 2137 624 2193 venti
639 2138 721 2211 signa
734 2156 831 2213 neque
846 2140 954 2198 imbris

120 2238 271 2303 praeterea
285 2247 372 2303 saepe
387 2226 553 2284 accendunt
568 2245 686 2300 quoque
702 2238 780 2284 tecta
793 2228 949 2287 domorum

121 2328 151 2376 et
165 2319 251 2376 celeri
266 2319 383 2376 flamma
396 2317 582 2375 dominantur
596 2318 625 2373 in
640 2316 760 2375 aedibus
775 2319 853 2392 ipsis.

120 2409 198 2466 hunc
213 2409 266 2467 tibi
279 2410 412 2466 subtilem
428 2426 495 2464 curn
510 2407 609 2481 primis
624 2406 737 2480 ignibus
752 2409 850 2482 ignem
981 2429 1025 2481 225

119 2500 268 2558 constituit
282 2508 384 2557 natura
397 2497 514 2556 minutis
528 2497 740 2571 mobilibusque

120 2590 300 2664 corporibus,
316 2589 364 2646 cui
379 2590 420 2647 nil
433 2589 556 2647 omnino
571 2587 710 2646 obsistere
725 2588 826 2663 possit.

119 2681 219 2738 transit
231 2681 309 2737 enirn
323 2679 451 2737 validum
466 2679 575 2736 fulmen
590 2696 643 2753 per
656 2688 757 2753 saepta
771 2679 936 2752 domorum,

120 2771 230 2828 clamor
243 2779 275 2827 ut
289 2788 324 2827 ac
337 2788 436 2841 voces,
451 2770 551 2827 transit
565 2787 617 2844 per
631 2787 708 2840 saxa,
723 2786 776 2844 per
790 2788 865 2842 aera,

120 2870 150 2918 et
162 2859 305 2934 liquidum
318 2870 429 2935 puncto
444 2860 513 2917 facit
526 2878 576 2918 aes
591 2860 620 2917 in
634 2869 766 2934 tempore
782 2869 811 2918 et
824 2879 936 2934 aurum,
978 2881 1025 2932 230

120 2961 201 3007 curat
215 2951 285 3007 item
299 2951 374 3008 vasis
388 2950 506 3025 integris
519 2950 586 3007 vina
600 2961 723 3025 repente

120 3038 278 3114 diffugiant,
293 3040 362 3114 quia
374 3041 510 3097 nimirum
525 3040 608 3097 facile
623 3040 723 3097 omnia
735 3040 847 3098 circum

73 3136 76 3141 '
120 3131 254 3187 conlaxat
268 3149 388 3205 rareque
403 3130 471 3187 facit
485 3130 654 3187 lateramina
667 3130 744 3188 vasis

120 3219 277 3278 adveniens
292 3220 371 3277 calor
384 3221 447 3277 cius
462 3230 491 3277 et
505 3220 666 3277 insinuatus
680 3220 709 3276 in
726 3222 823 3296 ipsum

119 3311 264 3369 mobiliter
278 3311 395 3369 soluens
409 3309 505 3368 differt
518 3309 677 3384 primordia
688 3311 757 3366 vini.
976 3330 1021 3382 ²35

120 3399 203 3476 quod
216 3401 283 3459 solis
297 3419 388 3476 vapor
401 3409 528 3458 aetatem
542 3417 603 3459 non
617 3417 703 3475 posse
718 3399 833 3459 videtur
