2498 3894
119 154 188 265 vij
358 196 413 266 oa
443 196 590 250 nauum
617 197 790 252 NATURA
965 202 1027 270 199

79 382 87 389 -
120 356 305 431 extruditque
320 357 405 415 simul
419 358 554 416 mirando
567 358 700 434 pondere
715 379 804 435 saxa3

119 465 157 503 ne
172 447 286 504 dubites
301 449 371 520 quin
386 448 459 505 haec
473 449 580 507 animai
593 449 710 508 turbida
722 454 759 509 sit
772 451 824 511 vis,

119 548 270 611 praeterea
283 556 389 612 magna
403 557 440 595 ex
454 541 528 612 parti
542 559 621 597 mare
635 542 743 599 montis
757 541 796 600 ad
811 542 874 602 eius

119 626 232 685 radices
246 628 349 702 frangit
363 629 466 686 fluctus
482 640 653 704 aestumque
666 632 806 690 resorbet.
974 643 1023 709 695

120 734 156 773 ex
170 717 227 774 hoc
241 736 334 791 usque
349 720 420 775 mari
435 720 591 793 speluncae
606 722 713 779 montis
727 721 766 779 ad
781 722 852 782 altas

120 808 293 881 perveniunt
310 809 408 866 subter
422 809 528 866 fauces.
543 809 598 867 hac
612 811 653 867 ire
668 811 847 871 fatendumst

121 997 150 1044 et
163 998 315 1062 penetrare
331 990 403 1045 mari
416 991 532 1064 penitus
546 1009 592 1048 res
607 991 685 1066 cogit
699 1001 802 1066 aperto

120 1087 207 1151 atque
224 1078 321 1134 efflare
337 1079 412 1136 foras
427 1079 554 1153 ideoque
569 1082 706 1139 extollere
721 1082 869 1141 flammam

120 1186 247 1241 saxaque
262 1168 423 1225 subiectare
439 1179 468 1226 et
482 1189 587 1228 arenae
601 1172 702 1228 tollere
715 1172 841 1230 nimbos.
978 1192 1027 1241 700

119 1258 150 1314 in
164 1276 279 1315 summo
294 1268 361 1315 sunt
373 1260 481 1316 vertice
497 1261 576 1317 enim
590 1272 723 1332 cratereS,
737 1271 770 1319 ut
783 1262 840 1336 ipsi

120 1349 313 1421 nominitant3
335 1367 389 1406 nos
404 1349 485 1424 quod
500 1351 597 1408 fauces
611 1353 798 1426 perhibemus
812 1361 842 1410 et
855 1371 915 1411 ora.

160 1439 233 1497 Sunt
243 1439 354 1513 aliquot
365 1458 483 1514 quoque
498 1460 544 1499 res
559 1460 682 1515 quarum
693 1461 782 1499 unam
793 1442 892 1500 dicere
906 1461 1026 1502 causam

120 1546 181 1585 non
196 1529 263 1586 satis
278 1539 330 1602 est,
348 1549 448 1587 verum
461 1531 559 1605 pluria,
575 1532 654 1589 unde
670 1551 728 1589 una
741 1541 841 1589 tamen
855 1533 912 1606 sit;

121 1637 227 1693 corpus
241 1629 274 1677 ut
288 1621 455 1678 exanimum
470 1621 575 1695 siquod
589 1623 692 1697 procul
706 1623 768 1697 ipse
782 1623 878 1681 iacere
978 1640 1024 1695 705

120 1710 285 1785 conspicias
299 1710 435 1782 hominis,
450 1712 482 1768 fit
496 1723 527 1769 ut
541 1713 635 1770 omnis
651 1712 749 1769 dicere
764 1731 867 1772 causas

120 1801 275 1857 conveniat
288 1801 347 1873 leti,
363 1801 475 1858 dicatur
487 1811 520 1858 ut
535 1802 607 1860 illius
621 1822 688 1860 una.

120 1908 189 1948 nam
204 1910 300 1965 neque
315 1885 472 1950 cum'ferro
486 1911 542 1949 nec
557 1893 660 1966 frigore
674 1893 791 1950 vincere
806 1893 901 1967 possis

120 1981 260 2039 interiisse
276 2000 372 2055 neque
387 2001 405 2039 a
418 1983 521 2041 morbo
535 2001 632 2055 neque
648 1984 720 2041 forte
735 2001 862 2054 venen0,

120 2091 220 2130 verum
235 2071 344 2145 aliquid
358 2090 464 2146 genere
480 2091 543 2129 esse
558 2091 595 2129 ex
609 2073 666 2130 hoc
682 2072 764 2147 quod
779 2072 901 2147 contigit
916 2072 944 2130 ei
980 2092 1028 2139 710

122 2163 241 2220 sciurus.
256 2163 326 2219 item
340 2162 370 2218 in
384 2162 480 2219 multis
494 2161 552 2218 hoc
566 2163 653 2220 rebus
667 2162 765 2219 dicere
780 2162 933 2221 habemus,

163 2253 247 2309 Nilus
262 2253 292 2309 in
306 2262 445 2309 aestatem
460 2252 564 2309 crescit
577 2253 748 2326 campisque
763 2251 918 2322 redundat,

122 2343 225 2397 unicus
240 2342 364 2398 interris
379 2341 504 2416 Aegypti
519 2342 607 2399 totius
620 2342 723 2401 amnis

123 2432 146 2489 is
162 2432 234 2506 rigat
248 2434 413 2506 Aegyptum
429 2431 559 2488 medium
574 2450 627 2506 per
640 2450 729 2506 saepe
744 2431 881 2506 calorem,

123 2530 172 2578 aut
188 2522 255 2594 quia
269 2531 335 2578 sunt
349 2531 458 2578 aestate
473 2522 623 2595 aquilones
637 2522 711 2579 ostia
725 2531 835 2594 contra,
976 2539 1026 2594 715

123 2612 192 2669 anni
206 2621 338 2685 tempore
353 2630 389 2668 eo
404 2611 455 2685 qui
469 2612 575 2668 etesiae
590 2630 654 2670 esse
669 2613 806 2683 feruntur,

123 2711 152 2759 et
167 2712 268 2759 contra
283 2703 399 2759 fluvium
415 2702 516 2758 flantes
530 2713 711 2760 remorantur
724 2711 754 2760 et
767 2700 861 2762 undas

122 2803 262 2866 cogentes
277 2811 373 2849 sursus
387 2792 500 2866 replent
514 2802 682 2866 coguntque
697 2810 824 2850 manere.

123 2901 191 2939 nam
207 2882 296 2941 dubio
312 2883 414 2957 procul
428 2883 501 2939 haec
516 2881 638 2940 adverso
653 2883 742 2940 flabra
756 2882 887 2941 feruntur

124 2973 251 3044 flumine,
266 2991 341 3046 quae
356 2973 457 3047 gelidis
472 2972 509 3030 ab
523 2972 610 3030 stellis
624 2974 684 3030 axis
699 2982 831 3048 aguntur.
980 2991 1029 3039 720

125 3063 170 3118 ille
186 3081 222 3119 ex
236 3063 367 3119 aestifera
381 3063 454 3136 parti
469 3062 548 3120 venit
561 3063 654 3120 amnis
669 3063 706 3120 ab
720 3072 827 3135 austr0,

124 3153 198 3209 inter
211 3153 293 3228 nigra
306 3154 398 3210 vimm
413 3163 553 3227 percocto
567 3153 662 3210 saecla
676 3153 775 3211 colore

124 3244 257 3300 exoriens
271 3245 387 3317 penitus
401 3243 499 3300 media
513 3244 550 3300 ab
564 3244 682 3317 regione
697 3243 765 3302 diei.

125 3343 169 3390 est
182 3351 300 3407 quoque
315 3334 357 3390 uti
371 3334 463 3407 possit
476 3351 597 3407 magnus
612 3343 768 3406 congestus
782 3333 909 3392 harenae

125 3422 259 3482 fluctibus
273 3423 400 3482 adversis
415 3423 544 3499 oppilare
559 3423 633 3481 ostia
646 3432 757 3497 contra,
981 3438 1027 3492 7²5
