2498 3894
157 231 195 298 52
489 225 720 280 Lucnrrrus
764 297 767 303 Ι
1002 223 1058 295 [11.

154 393 252 450 matris
267 401 297 450 et
309 391 412 466 ingrati
425 390 603 466 genitoribus
618 389 727 447 inventi
741 389 807 461 sint,
1010 397 1058 462 615

153 483 313 557 significare
328 482 429 539 volunt
443 480 578 556 indignos
592 497 656 539 esse
670 479 826 555 putandos,

152 574 248 630 vivam
261 572 432 648 progeniem
447 572 496 646 qui
511 572 541 628 in
555 589 620 628 oras
634 571 750 628 luminis
765 570 864 629 edant.

153 672 291 738 tympana
305 672 385 719 tenta
399 671 502 719 tonant
516 661 619 735 palmis
634 670 663 718 et
677 661 810 735 cymbala
824 661 938 720 circum

153 771 291 824 concava,
306 753 518 825 raucisonoque
534 751 679 807 minantur
693 769 804 809 cornua
818 761 917 824 cantu,

153 854 182 901 et
198 844 320 918 Phrygio
336 843 462 899 stimulat
476 859 598 898 numero
614 859 685 898 cava
699 841 769 898 tibia
783 843 899 915 mentiS,
1008 847 1058 897 620

152 935 267 1007 telaque
282 943 469 1007 praeponant
483 932 602 989 violenti
616 932 697 1005 sigua
711 931 822 1002 furoris,

152 1024 279 1098 ingratos
293 1024 406 1080 animos
421 1033 508 1096 atque
523 1022 614 1096 impia
627 1031 748 1096 pectora
761 1021 838 1096 volgi

152 1123 316 1170 conterrere
331 1123 410 1170 metu
426 1130 501 1187 quae
516 1112 629 1185 possint
643 1111 764 1168 numini’
780 1111 876 1171 divae.

152 1221 222 1278 ergo
237 1222 304 1260 curn
319 1204 444 1278 primum
459 1220 579 1277 magnas
593 1202 708 1259 invecta
722 1220 774 1275 per
788 1203 867 1260 urbis
947 1234 949 1238 ·

152 1294 302 1350 munificat
316 1293 403 1350 tacita
416 1293 543 1349 mortalis
559 1302 639 1349 muta
653 1292 753 1362 salute,
1006 1298 1055 1363 625

152 1402 219 1441 aere
233 1394 320 1458 atque
334 1392 455 1458 argento
470 1392 601 1439 sternunt
615 1382 669 1438 iter
683 1399 771 1439 omne
786 1382 898 1439 viarum

151 1473 277 1548 largifica
291 1473 365 1546 stipe
381 1472 507 1529 ditantes
521 1473 702 1546 ninguntque
718 1490 847 1528 rosarum

151 1563 269 1621 floribus
283 1564 450 1621 umbrantes
465 1571 587 1618 matrem
602 1563 802 1636 comitumque
818 1571 956 1620 catervas.

151 1653 199 1710 hic
213 1663 323 1710 armata
337 1671 448 1723 manus
464 1652 586 1711 Curetas
600 1653 719 1709 nomine
735 1652 804 1710 Grai

151 1762 226 1818 quos
240 1753 404 1800 memorant
419 1742 567 1816 Phrygios,
583 1742 657 1798 inter
671 1760 701 1799 se
716 1742 789 1798 forte
804 1740 886 1816 quod
900 1743 985 1798 armis
1006 1749 1055 1812 630

150 1833 255 1892 ludunt
269 1834 300 1891 in
314 1850 526 1906 numerumque
542 1832 670 1888 exultant
684 1832 897 1907 sanguinolenti

151 1925 288 1982 terrificas
303 1924 431 1996 capitum
445 1923 608 1996 quatientes
623 1922 743 1978 numine
759 1923 866 1992 cristas,

152 2015 291 2072 Dictaeos
306 2014 432 2070 referunt
447 2014 569 2070 Curetas
584 2013 634 2086 qui
650 2012 728 2069 Iovis
743 2012 821 2069 illurn

150 2106 277 2178 vagitum
292 2105 322 2160 in
337 2104 424 2160 Creta
438 2101 590 2175 quondam
606 2103 767 2159 occultasse
782 2102 919 2172 seruntur,

150 2212 217 2251 cum
233 2194 315 2268 pueri
329 2194 439 2249 circum
454 2210 576 2267 puerum
591 2193 710 2268 pernice
726 2191 833 2248 chorea

149 2285 269 2342 armatei
284 2284 312 2339 in
327 2301 480 2339 numerum
494 2283 641 2356 pulsarent
656 2282 769 2340 aeribus
783 2299 860 2352 aera,

150 2392 188 2431 ne
204 2375 339 2432 Saturnus
354 2392 421 2429 eum
437 2373 518 2430 malis
533 2374 685 2431 mandaret
700 2371 824 2446 adeptus

150 2474 358 2537 aeternumque
373 2461 455 2520 daret
468 2465 551 2520 matri
567 2465 621 2522 sub
635 2472 754 2537 pectore
769 2463 880 2519 volnus.

149 2564 305 2630 propterea
319 2572 454 2627 magnam
469 2554 570 2611 armati
585 2562 705 2609 matrem
721 2553 905 2620 comitantur,

150 2655 199 2702 aut
213 2644 281 2718 quia
295 2645 458 2718 significant
472 2643 570 2701 divam
584 2641 754 2719 praedicere
769 2652 800 2699 ut
814 2642 900 2699 armis

150 2754 184 2792 ac
199 2736 302 2792 virtute
316 2721 405 2791 velint
419 2735 541 2808 patriam
556 2731 714 2790 defendere
728 2742 831 2789 terram

149 2825 352 2899 praesidioque
367 2799 471 2898 parerlt
485 2824 645 2897 decorique
659 2823 827 2896 parentibus
841 2840 915 2879 esse.

151 2932 224 2988 quae
239 2915 314 2971 bene
329 2923 358 2971 et
372 2914 477 2970 eximie
492 2913 624 2987 quamvis
640 2912 771 2986 disposta
784 2914 918 2981 ferantur,

150 3005 236 3078 longe
251 3014 317 3061 sunt
332 3015 430 3061 tamen
444 3022 462 3060 a
475 3021 543 3060 vera
556 3004 668 3060 ratione
683 3003 805 3077 repulsa.

150 3095 245 3151 omnis
259 3095 336 3151 enirn
352 3112 405 3168 per
418 3111 449 3150 se
465 3093 563 3150 divom
578 3102 680 3150 natura
693 3102 840 3150 necessest

150 3185 294 3242 inmortali
309 3202 381 3242 aevo
396 3202 510 3240 summa
524 3202 591 3240 curn
606 3201 680 3258 pace
695 3183 802 3240 fruatur

150 3285 263 3333 semota
276 3275 314 3333 ab
328 3275 431 3332 nostris
445 3275 531 3332 rebus
546 3275 733 3347 seiunctaque
748 3274 834 3347 longe
845 3293 854 3344 3

150 3385 219 3423 nam
234 3366 345 3441 privata
359 3363 459 3421 dolore
475 3363 565 3434 omni,
580 3364 691 3438 privata
704 3363 829 3438 periclis,

150 3451 213 3528 ipsa
228 3455 286 3513 suis
300 3454 412 3528 pollens
426 3453 541 3528 opibus,
556 3453 597 3509 nil
610 3453 709 3528 indiga
722 3453 821 3524 nostri,
