2498 3894
124 219 182 282 128
320 220 324 228 '
452 227 684 282 LUCRETIUS
955 222 1022 294 [IV.

117 403 184 452 ante
199 392 309 463 oculos,
324 392 412 450 etiam
425 390 576 466 vigilantes
589 399 622 448 ut
634 387 787 447 videantur

117 502 236 541 cernere
251 483 379 540 saltantis
394 491 424 540 et
437 481 535 539 mollia
548 480 680 538 membra
693 479 838 538 moventis
973 483 1025 549 980

117 583 147 631 et
161 573 287 631 citharae
302 572 444 647 liquidum
459 589 577 628 carmen
591 570 777 644 chordasque
789 567 935 642 loquentis

117 665 233 721 auribus
248 664 382 738 accipere
397 672 426 719 et
441 679 610 719 consessum
625 678 743 717 cernere
759 658 888 716 eundem

118 755 276 826 scenaique
290 753 376 810 simul
389 752 482 809 varios
497 749 651 824 splendere
666 749 798 807 decores

117 862 209 918 usque
224 843 300 900 adeo
315 842 412 917 magni
426 843 512 898 refert
526 840 655 899 studium
669 850 756 913 atque
771 839 914 913 voluptaS,

118 943 147 991 et
162 934 267 1008 quibus
282 933 312 989 in
326 933 411 989 rebus
425 932 593 988 consuerint
608 948 670 986 esse
686 930 797 1003 operati
974 934 1023 1000 985

116 1042 178 1081 non
193 1024 326 1081 homines
341 1023 435 1079 solum
450 1021 502 1078 sed
516 1039 585 1078 vero
600 1021 733 1076 animalia
747 1029 863 1076 cuncta.

118 1114 227 1189 quippe
242 1112 353 1170 videbis
369 1130 460 1187 equos
475 1112 564 1181 fortis,
580 1129 648 1167 curn
664 1110 795 1167 membra
809 1108 955 1179 iacebunt,

117 1204 148 1261 in
163 1204 270 1260 somnis
285 1202 389 1260 sudare
404 1211 503 1258 tamen
517 1202 683 1275 spirareque
698 1217 814 1274 semper

118 1303 148 1351 et
161 1292 244 1367 quasi
259 1292 296 1349 de
312 1293 408 1366 palma
423 1310 549 1348 summas
564 1289 743 1348 contendere
758 1289 824 1346 viris

118 1392 168 1440 aut
182 1383 264 1457 quasi
278 1383 442 1440 carceribus
457 1381 636 1455 patefactis·
697 1402 705 1410 ·

117 1483 333 1547 venantumque
349 1490 436 1529 canes
451 1473 481 1528 in
496 1472 575 1528 molli
590 1488 677 1544 saepe
693 1471 790 1545 quiete

119 1563 226 1620 iactant
241 1581 323 1619 crura
336 1572 435 1619 tamen
450 1563 545 1619 subito
560 1578 707 1635 vocesque
722 1568 842 1634 repente

119 1653 236 1709 mittunt
251 1662 279 1710 et
293 1653 396 1710 crebro
412 1651 579 1709 redducunt
593 1651 709 1709 naribus
724 1668 816 1721 auraS,

118 1752 151 1799 ut
165 1743 284 1816 vestigia
299 1743 321 1800 si
337 1752 455 1799 teneant
470 1743 587 1798 inventa
602 1742 735 1813 serarum,

119 1833 372 1907 expergefactique
387 1831 525 1890 secuntur
540 1832 635 1889 inania
649 1849 737 1905 saepe
975 1847 1024 1904 995

119 1941 271 1980 cervorum
286 1923 446 1993 simulacra,
461 1923 546 1997 fugae
561 1922 643 1996 quasi
659 1921 759 1978 dedita
773 1928 902 1992 cernant,

120 2013 217 2070 donec
232 2012 368 2070 discussis
382 2012 662 2087 redeanterroribns
677 2011 714 2069 ad
729 2028 769 2068 se.

119 2113 149 2160 at
164 2113 305 2160 consueta
319 2103 400 2160 dorni
416 2084 576 2159 catulorum
593 2102 700 2159 blanda
713 2121 845 2178 propago

120 2192 264 2250 discutere
281 2202 309 2249 et
324 2211 430 2266 corpus
445 2192 482 2249 de
498 2203 572 2249 terra
586 2193 731 2266 corripere
746 2193 855 2250 instant
976 2213 1026 2263 999

120 2283 243 2358 proinde
258 2283 340 2358 quasi
355 2284 467 2357 ignotas
482 2283 570 2339 facies
585 2293 672 2356 atque
687 2301 737 2340 ora
752 2293 876 2361 tuangur.
962 2302 1026 2350 1004

121 2384 150 2431 et
165 2392 223 2447 quo
238 2391 372 2447 quaeque
388 2375 478 2447 magis
494 2384 560 2430 sunt
574 2392 676 2447 aspera
690 2374 888 2443 seminiotum,

121 2474 179 2520 tam
196 2465 285 2537 magis
301 2465 330 2519 in
345 2465 453 2521 somnis
471 2463 576 2520 eadem
592 2465 700 2520 saevire
715 2474 875 2520 necessust.

121 2564 150 2610 at
163 2555 257 2610 variae
273 2554 385 2628 lugiunt
399 2554 530 2610 volucres
544 2555 699 2629 pinnisque
717 2563 838 2628 repente

121 2645 274 2701 sollicitant
289 2644 387 2700 divom
402 2655 546 2700 nocturno
561 2655 693 2719 ternpore
707 2645 798 2715 lucos,

122 2726 274 2808 accipitres
289 2752 393 2791 somno
408 2734 438 2791 in
451 2735 509 2791 leni
524 2736 548 2792 si
562 2736 673 2810 proelia
687 2753 799 2839 pugnps

122 2824 209 2881 edere
225 2835 290 2881 sunt
305 2835 501 2898 persectantes
515 2827 653 2899 visaeque
667 2827 806 2882 volantes
962 2844 1025 2879 1010

122 2931 209 2988 porro
224 2915 376 2972 hominum
391 2926 513 2988 mentes,
529 2917 642 2991 magnis
657 2934 731 2990 quae
746 2915 872 2972 motibus
887 2911 980 2971 edunt

123 3024 237 3081 magna,
255 3007 354 3064 itidem
370 3027 459 3083 saepe
474 3011 505 3066 in
519 3011 628 3066 somnis
643 3009 810 3082 faciuntque
825 3017 998 3082 gerantque,

122 3114 205 3170 reges
220 3109 396 3171 expugnant,
411 3100 574 3173 capiuntur,
589 3101 700 3174 proelia
713 3100 844 3168 miscent,

123 3186 226 3244 tollunt
241 3188 399 3247 clamorem
414 3190 496 3264 quasi
511 3191 534 3247 si
549 3191 712 3264 iugulentur
727 3189 847 3246 ibidem.

123 3277 207 3333 multi
221 3278 392 3352 depugnant
405 3280 589 3354 gemitusque
605 3278 752 3336 doloribus
766 3277 858 3336 edunt
964 3293 1026 3346 1015

123 3377 153 3425 et
168 3369 249 3440 quasi
263 3370 422 3440 pantherae
438 3388 533 3426 morsu
549 3370 662 3426 saevive
677 3369 770 3426 leonis

125 3458 300 3520 mandantur
313 3460 425 3535 magnis
440 3460 612 3518 clamoribus
627 3460 726 3517 omnia
740 3458 897 3533 complent.
