2498 3894
129 213 188 276 118
458 227 690 283 LUCRET1Us
961 226 1027 299 [lv.

123 399 154 449 at
167 398 269 448 contra
282 398 416 466 pungunt
429 409 547 448 sensum
560 390 746 464 lacerantque
760 349 870 460 codrta,
978 397 1026 462 625

86 498 89 509 ·
123 491 235 555 quanto
249 498 383 554 quaeque
398 481 490 556 magis
505 491 571 537 sunt
585 480 739 554 asperitate
753 479 873 555 repleta

123 571 232 628 deinde
246 571 378 645 voluptas
393 580 436 628 est
451 588 467 628 e
482 589 554 635 suco
567 570 625 627 fine
640 570 746 644 palati;

61 658 65 711 ἶ
96 722 98 727 ,
122 680 191 719 eum
205 679 274 718 vero
289 660 426 718 deorsum
439 679 491 735 per
505 661 603 717 fauces
618 660 827 734 praecipitavit,

122 752 200 808 nulla
213 752 345 826 voluptas
359 761 412 822 est,
427 750 497 807 dum
513 749 621 808 diditur
635 751 730 807 omnis
745 751 775 807 in
790 759 876 808 artus

122 859 178 898 nec
193 842 279 899 refert
293 842 449 916 quicquam
465 859 524 914 quo
539 841 616 897 victu
632 858 738 921 corpus
753 840 852 911 alatur,
974 847 1027 917 630

123 930 287 989 dummodo
302 931 384 1006 quod
398 931 495 1005 capias
510 940 688 987 concoctum
703 930 804 987 didere
819 931 913 1005 possis

122 1022 240 1079 artubus
254 1031 283 1079 et
297 1021 440 1079 stomachi
455 1019 616 1078 umidulum
630 1038 742 1078 servare
757 1029 897 1078 tenorem.

163 1112 251 1168 Nunc
266 1113 327 1169 aliis
341 1113 412 1169 alius
427 1112 477 1185 qui
492 1111 527 1168 sit
542 1111 618 1167 cibu'
633 1110 728 1168 suavis
743 1119 772 1166 et
785 1110 877 1167 almus

123 1202 287 1276 expediam,
303 1219 437 1276 quareve,
453 1201 513 1258 aliis
528 1199 609 1274 quod
624 1200 702 1257 triste
717 1209 747 1257 et
760 1210 926 1273 amarumst,

123 1291 180 1348 boc
194 1301 293 1350 tamen
307 1292 445 1356 essealiis
460 1292 551 1366 possit
565 1289 704 1364 perdulce
715 1288 817 1360 videri,
977 1297 1025 1363 635

122 1392 259 1457 tantaque
275 1383 305 1440 in
319 1383 362 1440 his
376 1383 463 1440 rebus
478 1381 616 1438 distantia
630 1380 837 1454 differitasque,

122 1483 154 1529 ut
168 1472 249 1547 quod
263 1473 300 1530 ali
315 1473 396 1530 cibus
411 1482 455 1530 est
468 1473 530 1529 aliis
545 1472 605 1528 fuat
619 1490 686 1529 acre
699 1489 856 1530 venenum.

123 1572 258 1637 extetque
273 1572 305 1619 ut
320 1581 447 1637 serpens,
463 1562 589 1619 hominis
603 1579 679 1635 quae
693 1570 772 1620 tacta
785 1561 878 1620 salivis

122 1653 242 1727 disperit
256 1672 291 1710 ac
306 1672 369 1710 sese
385 1651 555 1710 mandendo
570 1653 691 1710 conficit
704 1652 775 1726 ipsa

122 1752 271 1817 praeterea
286 1744 372 1802 nobis
385 1753 528 1800 veratrum
544 1753 588 1800 est
602 1761 668 1800 acre
681 1760 839 1814 venenum,
976 1750 1026 1811 640

122 1843 151 1890 at
165 1834 258 1907 capris
273 1833 374 1908 adipes
389 1843 419 1891 et
433 1834 630 1892 coturnicibus
644 1842 739 1907 auget.

121 1934 153 1980 ut
167 1925 273 1998 quibus
288 1924 318 1982 id
334 1925 384 1981 fiat
397 1925 484 1982 rebus
498 1942 678 1998 cognoscere
693 1924 796 1998 possis

120 2015 265 2089 principio
280 2015 446 2072 meminisse
461 2013 548 2071 decet
563 2032 639 2088 quae
655 2013 780 2071 diximus
795 2021 872 2085 ante,

120 2106 233 2161 semina
247 2104 426 2162 multimodis
440 2106 470 2162 in
484 2106 570 2162 rebus
585 2106 675 2162 mixta
690 2105 790 2162 teneri.

120 2213 206 2269 porro
222 2214 325 2253 omnes
336 2214 539 2270 quaecumque
551 2195 650 2253 cibum
662 2197 781 2270 capiunt
791 2195 961 2267 animantes
976 2199 1023 2266 645

120 2295 152 2342 ut
166 2296 232 2343 sunt
246 2286 399 2343 dissimiles
415 2287 592 2343 extrinsecus
608 2296 637 2343 et
651 2287 810 2361 generatim

120 2377 228 2432 extima
241 2378 437 2434 membrorum
453 2377 683 2434 circumcaesura
697 2386 823 2446 coercet,

119 2466 243 2539 proinde
258 2476 288 2523 et
302 2467 459 2524 seminibus
474 2477 609 2523 constant
623 2467 750 2522 variante
765 2467 864 2540 figura.

120 2557 232 2613 semina
246 2575 314 2613 cum
329 2574 414 2630 porro
430 2556 547 2627 distent,
562 2556 676 2613 differre
692 2565 841 2613 necessest

119 2647 267 2703 intervalla
280 2647 409 2720 viasque,
424 2647 567 2704 foramina
580 2664 655 2719 quae
670 2647 867 2720 perhibemus,
975 2653 1024 2718 650

120 2737 254 2794 omnibus
269 2737 298 2793 in
312 2738 450 2793 membris
465 2746 495 2793 et
509 2738 538 2792 in
553 2754 602 2794 ore
617 2737 739 2810 ipsoque
755 2736 860 2810 palato

119 2845 183 2883 esse
198 2827 311 2884 minora
325 2827 410 2901 igitur
424 2826 570 2900 quaedam
585 2827 752 2900 maioraque
769 2826 888 2899 debent,

120 2934 182 2973 esse
197 2917 335 2990 triquetra
349 2918 419 2987 aliis,
435 2917 496 2974 aliis
511 2916 652 2990 quadrata
666 2926 823 2990 necessest,

119 3007 209 3062 multa
223 3007 357 3079 rutunda,
372 3007 469 3064 modis
485 3007 580 3063 multis
595 3007 774 3081 multangula
787 3005 943 3080 quaedam.

118 3114 245 3169 namque
260 3097 416 3170 figurarum
430 3098 503 3154 ratio
518 3107 549 3153 ut
564 3107 719 3171 motusque
734 3107 901 3171 reposcunt,
970 3104 1022 3170 ,655

119 3186 243 3259 proinde
258 3187 446 3243 foraminibus
461 3186 571 3244 debent
585 3186 699 3244 differre
714 3187 833 3261 figurae,

119 3285 148 3332 et
163 3277 269 3332 variare
283 3277 346 3333 viae
361 3275 485 3350 proinde
500 3295 534 3332 ac
549 3286 662 3334 textura
676 3286 802 3335 coercet.

119 3365 176 3423 hoc
191 3367 240 3423 ubi
255 3366 336 3441 quod
352 3371 439 3423 suave
455 3376 499 3424 est
513 3367 573 3424 aliis
587 3368 648 3425 aliis
664 3368 695 3424 fit
710 3386 850 3438 amarum,

118 3457 167 3530 illi,
181 3457 229 3514 cui
243 3476 330 3515 suave
345 3467 397 3530 est,
412 3457 555 3515 levissima
568 3476 693 3532 corpora
706 3457 816 3516 debent
