2498 3894
124 193 175 266 V.]
366 194 421 248 DE
446 194 592 249 RERUM
618 195 790 251 NATURA
966 199 1021 264 151

123 352 206 429 quod
219 372 311 429 genus
325 354 355 412 in
369 354 454 413 nobis
464 354 614 429 'quaedam
627 355 697 414 licet
710 357 740 414 in
754 358 879 417 statione

123 443 255 502 membra
269 463 396 516 manere,
412 453 511 502 tamen
525 463 594 502 cum
608 445 665 503 sint
679 464 715 504 ea
729 465 804 521 quae
819 459 998 508 moveantur.

123 532 167 592 his
182 535 267 609 igitur
279 536 365 593 rebus
379 535 508 593 retractis
523 544 598 593 terra
610 546 741 610 repente,
876 549 881 555 '
976 548 1026 609 480

122 641 259 681 maxuma
272 642 330 698 qua
343 643 422 682 nunc
436 643 468 682 se
481 626 565 700 ponti
578 626 663 700 plaga
676 627 791 685 caerula
804 628 906 702 tendit,

122 714 247 771 succidit
262 724 291 771 et
304 715 379 772 salso
393 714 511 772 suffudit
524 717 635 790 gurgite
650 716 750 775 fossas,

122 803 211 879 inque
227 804 288 862 dies
303 815 413 880 quanto
428 806 538 863 circum
552 806 644 880 magis
658 807 782 865 aetheris
797 820 892 868 aestus

122 903 152 950 et
165 893 237 951 radii
251 894 318 953 solis
333 895 478 970 cogebant
491 895 622 970 undique
637 906 742 954 terram

121 984 287 1042 verberibus
302 986 408 1043 crebris
423 996 553 1043 extrema
566 986 604 1044 ad
618 987 718 1044 limina
732 988 762 1045 in
776 997 879 1061 artum,
976 997 1024 1062 485

121 1073 152 1132 in
166 1074 265 1132 medio
279 1085 311 1131 ut
325 1075 462 1149 propulsa
476 1094 529 1134 suo
543 1076 694 1135 condensa
707 1078 807 1150 coiret,

121 1173 181 1221 tam
196 1165 286 1239 magis
302 1183 454 1239 expressus
469 1166 559 1224 salsus
573 1167 611 1225 de
626 1186 748 1242 corpore
764 1168 854 1227 sudor

120 1255 245 1329 augebat
259 1274 339 1313 mare
354 1256 502 1314 manando
516 1253 696 1332 camposque
711 1259 845 1331 natantis,

121 1354 151 1402 et
164 1354 244 1403 tanto
259 1346 350 1420 magis
364 1346 412 1403 illa
425 1347 500 1406 foras
514 1347 612 1405 elabsa
625 1347 761 1406 volabant

120 1452 245 1509 corpora
258 1436 349 1493 multa
362 1437 476 1512 vaporis
491 1446 520 1494 et
534 1437 606 1495 aeris
621 1437 736 1512 altaque
751 1437 826 1496 caeli
973 1459 1023 1510 490

121 1522 286 1583 densebant
299 1528 402 1600 procul
416 1545 433 1583 a
447 1528 528 1584 terris
542 1527 681 1602 fulgentia
695 1528 813 1602 templa.

121 1614 256 1672 sidebant
270 1616 376 1690 campi,
392 1617 562 1674 crescebant
576 1617 723 1675 montibus
737 1617 800 1675 altis

126 1722 282 1778 ascensus;
305 1723 401 1781 neque
417 1707 495 1763 enim
509 1716 645 1781 poterant
658 1706 808 1765 subsidere
823 1726 892 1766 saxa

120 1812 176 1852 nec
190 1796 296 1869 pariter
309 1796 481 1854 tantundem
497 1815 599 1854 omnes
614 1799 805 1855 succumbere
819 1799 917 1872 partis

160 1884 207 1942 Sic
221 1886 306 1959 igitur
319 1895 411 1943 terrae
425 1897 566 1944 concreto
581 1905 703 1962 corpore
718 1885 836 1962 pondus
975 1905 1023 1961 495

120 1975 250 2033 constitit
263 1985 351 2049 atque
366 1977 461 2034 omnis
475 1976 578 2033 mundi
593 1977 675 2052 quasi
690 1978 774 2035 limus
788 1977 924 2037 inimum

120 2064 259 2122 confluxit
271 2064 364 2140 gravis
378 2075 408 2124 et
421 2065 553 2124 subsedit
566 2066 694 2125 funditus
707 2076 740 2124 ut
748 2055 838 2140 'faex3

119 2153 188 2212 inde
203 2173 282 2212 mare
296 2154 366 2212 inde
380 2156 429 2214 aer
443 2155 512 2213 inde
526 2156 626 2214 aether
639 2157 742 2232 ignifer
756 2157 818 2233 ipse

119 2245 290 2319 corporibus
304 2244 420 2319 liquidis
435 2255 502 2302 sunt
515 2247 615 2303 omnia
628 2264 701 2320 pura
714 2242 822 2320 relicta,

120 2344 150 2391 et
162 2334 269 2391 leviora
282 2334 344 2392 aliis
358 2335 421 2405 alia,
437 2343 466 2392 et
479 2335 686 2410 liquidissimus
700 2337 801 2395 aether
976 2354 1026 2407 500

119 2432 207 2499 atque
220 2424 380 2482 levissimus
394 2425 485 2482 aerias
499 2443 586 2500 super
599 2426 691 2484 influit
705 2445 796 2498 auras,

119 2531 176 2570 nec
189 2513 331 2588 liquidum
346 2504 451 2589 corpus
466 2515 645 2573 turbantibus
660 2517 732 2574 aeris
747 2515 824 2574 auris

119 2603 311 2676 commiscet;
334 2603 401 2661 sinit
415 2603 488 2661 haec
502 2604 635 2663 violentis
650 2606 747 2663 omnia
759 2605 833 2664 verti

118 2693 289 2763 turbinibus,
303 2694 371 2751 sinit
384 2694 500 2751 incertis
515 2695 628 2772 turbare
643 2695 788 2770 procellis,

119 2782 181 2857 ipse
195 2801 263 2840 suos
277 2783 350 2858 ignis
365 2793 446 2842 certo
461 2784 514 2841 lert
528 2784 637 2858 impete
651 2785 760 2843 labens,
975 2801 1023 2857 505

118 2889 187 2929 narn
201 2860 318 2931 modice
333 2873 421 2931 fluere
435 2884 522 2948 atque
536 2892 596 2932 uno
611 2892 697 2949 posse
712 2874 829 2932 aethera
842 2875 907 2932 nisu

119 2961 260 3036 significat
276 2965 394 3034 Pontos,
409 2982 488 3021 mare
503 2975 584 3022 certo
599 2963 679 3038 quod
695 2965 755 3021 fluit
769 2974 851 3022 aestu

118 3068 210 3109 unum
224 3051 341 3110 labendi
355 3070 529 3111 conservans
544 3072 636 3128 usque
651 3064 794 3112 tenorem.

161 3137 308 3217 [Motibus
322 3152 463 3200 astrorum
478 3162 557 3200 nunc
573 3161 648 3217 quae
662 3144 699 3202 sit
712 3161 801 3202 causa
816 3161 965 3201 canamus.

118 3231 261 3307 principio
276 3251 397 3307 magnus
412 3233 485 3290 caeli
499 3235 523 3291 si
537 3234 659 3293 vortitur
673 3235 760 3306 orbis,
974 3249 1022 3302 510

119 3339 156 3379 ex
170 3332 290 3397 utraque
304 3322 410 3399 polum
423 3324 497 3398 parti
511 3341 643 3399 premere
658 3327 726 3383 abra
739 3324 824 3383 nobis

119 3411 279 3472 dicendum
294 3423 338 3472 est
351 3424 490 3490 extraque
505 3424 603 3473 tenere
618 3425 648 3474 et
662 3414 798 3474 claudere
813 3412 979 3490 utrimque3
