2498 3894
125 169 160 240 1.]
363 171 418 223 DE
444 171 591 224 RERUM
619 170 788 226 NATURA
988 174 1029 238 29

122 347 160 387 an
173 329 330 405 prohibere
345 329 454 405 aliquid
467 349 571 389 censes
585 332 758 407 obstareque
774 333 883 407 posse?

122 420 291 478 alterutrum
305 421 418 479 fatearis
433 423 512 478 enim
526 440 681 496 sumasque
696 432 853 480 necessest.
914 464 943 517 9<
1189 486 1195 495 ,

124 528 251 584 quorum
264 521 420 586 utrumque
434 512 486 570 tibi
500 512 637 587 effugium
651 511 814 587 praecludit
827 523 857 570 et
870 529 958 570 omne
978 531 1026 586 975
1086 568 1090 575 ,
1135 525 1149 561 -'·
1164 502 1184 571 ἰ
1202 554 1208 565 .

124 601 204 676 cogit
216 610 250 658 ut
263 611 401 676 exempta
414 600 562 659 concedas
576 602 635 659 fine
648 612 757 676 patere.

123 709 193 748 nam
206 691 266 749 sive
281 700 326 748 est
339 691 439 767 aliquit
453 690 536 766 quod
549 692 673 766 probeat
687 692 854 768 officiatque
959 766 962 774 Ι

124 782 275 856 quominu’
291 800 351 856 quo
365 782 486 840 missum
501 792 545 839 est
557 783 655 840 veniat
669 783 778 857 finique
793 783 870 841 locet
884 800 925 857 se,

124 873 184 930 sive
198 872 274 945 foras
289 873 386 942 fertur,
401 890 462 930 non
476 882 520 930 est
533 891 552 930 a
564 873 623 930 fine
637 873 810 947 profectum.

124 961 183 1020 hoc
196 971 284 1037 pacto
299 980 405 1037 sequar
419 973 515 1037 atque,
532 981 597 1020 oras
611 963 789 1037 ubicumque
804 963 907 1021 locaris
980 969 1029 1036 980

124 1062 267 1110 extremas
269 1071 431 1127 ,quaeram
445 1052 516 1128 quid
530 1053 589 1111 telo
604 1052 731 1127 denique
747 1053 805 1111 fiat

35 1156 39 1163 ’
53 1154 63 1171 ‘
87 1148 93 1169 ⁸
124 1142 220 1201 fiett
188 1152 220 1201 ut
221 1142 231 1200 i
245 1160 390 1231 nusquam
404 1143 496 1218 possit
510 1143 668 1201 consistere
684 1143 750 1200 finis

52 1240 65 1253 ''
97 1208 332 1316 {perfugiumque
337 1233 422 1308 fugae
437 1233 561 1335 prolatet
575 1218 661 1308 copia
675 1252 799 1308 semper.
918 1256 931 1293 r

124 1333 273 1425 ppstremo
287 1333 355 1381 ante
371 1298 478 1382 oculos
486 1342 533 1381 res
547 1342 609 1381 rem
624 1324 707 1381 finire
722 1324 854 1396 videtur;
935 1370 938 1375 .

10 1419 45 1467 ι·
80 1483 88 1509 ’
124 1414 174 1472 aer
187 1413 326 1489 dissaepit
340 1414 421 1472 collis
435 1424 523 1488 atque
538 1413 606 1472 aera
619 1424 745 1486 montes,
980 1421 1027 1488 985

10 1508 25 1578 ζ,
81 1548 85 1565 ;
123 1513 200 1563 terra
212 1523 291 1562 mare
305 1514 336 1562 et
349 1514 452 1562 contra
465 1523 544 1562 mare
559 1515 648 1562 terras
662 1505 798 1562 terminat
812 1505 926 1578 omnis,

124 1612 213 1654 omne
227 1567 349 1669 qlidem
363 1612 433 1652 vero
447 1595 488 1652 nil
499 1605 542 1652 est
557 1595 637 1696 quod
652 1596 733 1652 finiat
748 1605 834 1652 extra
899 1526 1198 1707 ff)

165 1686 320 1742 Praeterea
334 1685 459 1760 spatium
474 1686 597 1742 summai
612 1685 699 1742 totius
713 1703 802 1742 omne
864 1632 1036 1756 1st

123 1774 293 1850 undique'
270 1794 295 1832 sr
308 1775 452 1832 inclusum
467 1776 552 1832 certis
567 1758 797 1833 consisteietoris

123 1865 297 1942 finitumque
312 1865 418 1937 foret'
410 1884 468 1923 ram
483 1866 568 1941 copia
582 1866 710 1922 materiai

123 1955 255 2031 undique
270 1954 448 2030 ponderibus
463 1955 561 2014 solidis
575 1956 722 2014 confluxet
735 1955 795 2014 ad
787 1975 879 2014 rmum

124 2065 180 2104 nec
194 2065 240 2104 res
254 2046 312 2104 ulla
325 2047 384 2120 geri
396 2047 449 2104 sub
464 2047 536 2103 caeli
551 2047 678 2120 tegmine
692 2056 791 2121 posset

124 2128 181 2194 nec
194 2137 269 2196 soret
283 2136 406 2194 omnino
421 2136 533 2193 caelum
548 2154 644 2210 neque
659 2136 769 2193 lumina
783 2136 860 2207 solis,

107 2227 234 2376 m
248 2227 299 2286 ubi
313 2227 449 2284 materies
463 2228 558 2284 omnis
573 2228 721 2285 cumulata
732 2228 840 2285 iaceret
896 2248 899 2255 ·
969 2292 973 2299 ι
1066 2302 1070 2309 .

227 2317 289 2376 nito
304 2318 362 2376 iam
377 2327 509 2393 tempore
524 2289 712 2397 subsiddirdo.
750 2339 776 2376 ;
818 2324 861 2359 tu
1040 2326 1044 2345 ι
1073 2344 1077 2353 ,
1128 2322 1176 2345 0.

1098 406 1109 433 Ι

1112 623 1118 633 Ι

1022 656 1178 701 ,(ἶἾΗΜ,
1206 660 1246 699 {c

125 2417 154 2465 at
167 2425 247 2466 nunc
261 2409 398 2467 nimirum
413 2408 529 2483 requies
543 2407 613 2465 data
626 2409 832 2483 principiorum

124 2499 296 2575 corporibus
311 2499 425 2572 nullast,
441 2499 510 2574 quia
524 2498 564 2556 nil
578 2507 623 2556 est
636 2497 764 2556 funditus
779 2499 869 2556 imum

125 2607 185 2664 quo
201 2590 284 2665 quasi
299 2589 446 2648 confluere
462 2599 492 2648 et
506 2588 592 2648 sedes
607 2589 658 2647 ubi
672 2607 783 2664 ponere
797 2591 918 2664 possint.

71 2682 77 2691 “
125 2698 243 2754 semper
255 2681 287 2738 in
300 2679 425 2738 adsiduo
439 2691 521 2738 motu
535 2698 582 2738 res
597 2698 732 2756 quaeque
747 2689 882 2755 geruntur

125 2770 258 2873 partibqs
269 2789 286 2828 e
300 2770 414 2829 cunctis
428 2771 598 2846 infernaque
614 2769 837 2846 suppeditantur
967 2792 1029 2826 1000

126 2879 163 2919 ex
177 2861 291 2919 infinito
300 2861 359 2919 cita
373 2879 498 2937 corpora
511 2862 650 2920 materiai.
866 2814 1150 3079 ff&

126 2960 172 3009 est
184 2951 270 3026 igitur
283 2927 456 3009 natuflbci
470 2953 655 3027 spatiumque
642 2928 816 3027 profundi,

126 3040 362 3207 ᾳᾋὲεᾳυε
334 3042 411 3098 clara
424 3060 477 3099 suo
492 3060 659 3117 percurrere
675 3043 795 3100 fulmina
809 3061 894 3101 cursu
924 3035 972 3083 θ’*
969 2902 1150 3176 ‘7‘st

126 3149 165 3207 pe
251 3148 270 3187 o
284 3131 398 3206 possint
412 3150 475 3190 aevi
467 3133 614 3191 labentia
628 3143 720 3191 tractu

126 3239 184 3278 nec
197 3239 331 3297 prorsum
344 3222 486 3300 facere‚ut
498 3233 587 3280 restet
601 3223 696 3280 minus
765 3100 960 3283 meando?
969 3189 1152 3296 ιοο5ᾧΜ

127 3310 309 3385 usqueadeo
344 3330 432 3369 assrm
444 3322 526 3387 patet
539 3314 673 3388 ingensc
716 3315 722 3326 ’
755 3315 861 3386 rebus«
891 3340 941 3403 Μ
963 3301 1045 3405 Ja
1053 3290 1118 3406 ἦ
1136 3287 1245 3396 M

12 3330 417 3680 ybs
407 3420 437 3459 m
452 3413 571 3461 cunctas
585 3403 656 3461 und·
679 3422 699 3460 u
731 3405 831 3479 partis
859 3378 1215 3667 12?wa
