2498 3894
131 160 199 230 vi]
364 163 419 215 oa
445 163 592 218 RERUM
618 165 790 220 NATURA
976 169 1033 235 195

128 324 162 381 fit
175 341 304 399 quoque,
319 323 369 382 ubi
383 323 413 381 in
428 343 547 400 magnas
562 332 655 400 aqtiae
666 336 820 402 vastasque
834 327 955 389 lucunas

128 415 213 489 gleba
226 424 382 472 vestustate
397 433 413 472 e
427 425 502 472 terra
517 417 693 490 provolvitur
707 418 819 492 ingens,

128 514 160 562 ut
174 505 295 562 iactetur
308 523 401 579 aquae
417 505 506 562 fluctu
521 525 639 581 quoque
654 518 729 565 terra
743 509 899 584 vacillans3

128 604 159 653 ut
172 614 222 652 vas
237 594 383 652 interdum
398 613 458 652 non
472 597 534 669 quit
548 608 691 668 constare,
706 599 761 655 nisi
775 618 860 657 umor
984 619 1030 671 555

128 684 238 743 destitit
252 686 282 742 in
296 685 386 742 dubio
401 685 490 743 fluctu
504 687 635 744 iactarier
648 688 735 746 intus.

167 777 320 832 Praeterea
332 785 436 832 ventus
451 794 519 833 cum
534 795 587 850 per
601 778 667 834 loca
680 779 807 836 subcava
821 789 913 838 terrae

127 865 268 923 collectus
282 875 364 940 parte
379 884 416 922 ex
430 885 488 922 una
501 867 668 941 procumbit
683 877 712 924 et
727 879 809 944 urget

127 955 251 1013 obnixus
266 956 378 1029 magnis
393 956 546 1029 speluncas
560 956 667 1013 viribus
682 957 761 1029 altas,

125 1044 272 1103 incumbit
285 1047 369 1103 tellus
385 1063 444 1119 quo
459 1047 537 1102 venti
552 1064 645 1120 prona
658 1049 763 1120 premit
776 1048 828 1106 vis.
983 1055 1031 1119 560

124 1143 187 1192 turn
202 1153 307 1209 supera
321 1145 425 1192 terram
440 1153 516 1209 quae
531 1145 597 1193 sunt
612 1146 743 1194 extructa
757 1138 913 1196 domorum

124 1224 163 1281 ad
177 1226 350 1300 caelumque
365 1226 456 1299 magis
471 1236 581 1299 quanto
596 1237 662 1283 sunt
677 1226 756 1284 edita
769 1246 915 1302 quaeque,

124 1314 262 1372 inclinata
275 1326 388 1372 tument
403 1317 432 1372 in
447 1315 573 1372 eandem
588 1316 703 1390 prodita
717 1329 829 1392 partem

124 1415 345 1478 protractaeque
361 1405 455 1463 trabes
470 1405 633 1479 inpendent
648 1407 687 1463 ire
702 1418 830 1481 paratae.

124 1496 154 1552 e't
168 1505 301 1552 metuunt
315 1497 413 1570 magni
427 1506 558 1553 naturam
573 1497 694 1554 credere
709 1499 812 1556 mundi
981 1505 1028 1571 565

123 1585 236 1642 exitiale
251 1586 369 1660 aliquod
384 1597 499 1660 tempus
514 1586 687 1663 clademque
703 1606 831 1660 manere,

123 1693 192 1732 cum
206 1675 323 1732 videant
338 1686 447 1733 tantam
462 1687 600 1735 terrarum
614 1678 784 1737 incumbere
799 1679 909 1738 molem
922 1681 928 1738 1

123 1764 204 1839 quod
218 1767 272 1823 nisi
287 1767 428 1840 respirent
441 1769 527 1839 venti,
542 1769 585 1825 vis
599 1769 677 1826 nulla
690 1770 816 1827 refrenet

122 1873 168 1912 res
182 1875 279 1931 neque
294 1857 331 1914 ab
345 1858 434 1915 exitio
448 1859 539 1931 possit
553 1858 768 1932 reprehendere
784 1859 887 1917 euntis.

122 1963 200 2003 nunc
215 1948 283 2020 quia
296 1948 437 2021 respirant
451 1948 566 2005 alternis
581 1949 669 2021 inque
684 1959 858 2023 gravescunt
978 1968 1027 2020 570

122 2046 151 2093 et
165 2037 247 2110 quasi
262 2037 375 2094 collecti
390 2036 514 2094 redeunt
528 2036 697 2111 ceduntque
711 2039 828 2113 repulsi,

122 2128 236 2201 saepius
250 2127 326 2183 hanc
341 2127 380 2184 ob
394 2145 455 2183 rem
471 2128 618 2184 minitatur
632 2137 707 2184 terra
720 2129 817 2186 ruinas

121 2234 210 2291 quam
225 2217 311 2288 facit;
334 2216 487 2273 inclinatur
501 2217 580 2273 enim
595 2227 730 2290 retroque
744 2217 855 2275 recellit

121 2317 151 2362 et
165 2307 267 2380 recipit
281 2305 416 2379 prolapsa
430 2324 495 2362 suas
511 2306 540 2362 in
554 2305 687 2379 pondera
701 2307 796 2365 sedes.

121 2395 176 2452 hac
191 2396 275 2469 igitur
288 2396 400 2452 ratione
415 2395 549 2452 vacillant
563 2396 663 2452 omnia
675 2405 763 2467 tecta,
978 2416 1025 2469 575

122 2504 235 2542 summa
250 2485 340 2558 magis
355 2483 468 2555 mediis,
483 2483 584 2542 media
598 2485 671 2555 imis,
686 2486 745 2542 ima
758 2485 911 2560 perhilum.

162 2575 214 2631 Est
229 2574 301 2630 haec
317 2572 447 2632 eiusdem
463 2592 582 2649 quoque
598 2576 695 2648 magni
709 2593 797 2632 causa
810 2575 951 2647 tremoris,

120 2674 222 2722 ventus
237 2663 286 2721 ubi
301 2675 388 2739 atque
403 2665 517 2722 animae
532 2664 629 2722 subito
643 2665 684 2721 vis
699 2665 827 2723 maxima
840 2665 987 2740 quaedam

120 2764 169 2812 aut
183 2755 360 2812 extrinsecus
375 2765 424 2812 aut
438 2754 501 2829 ipsa
513 2754 615 2812 tellure
629 2765 732 2812 coorta

119 2844 149 2901 in
164 2845 229 2902 loca
244 2863 274 2902 se
289 2863 361 2902 cava
375 2846 459 2902 terrai
474 2845 601 2903 coniecit
615 2844 714 2919 ibique
979 2854 1028 2918 580

119 2934 271 3008 speluncas
287 2936 361 2992 inter
374 2953 494 3010 magnas
508 2935 604 2992 fremit
617 2945 685 2992 ante
699 2935 824 2994 tumultu

119 3024 359 3099 versabundaque
374 3036 513 3100 portatur,
528 3035 596 3100 post
609 3025 700 3082 incita
713 3043 782 3083 cum
795 3027 838 3085 vis

120 3117 262 3190 exagitata
276 3117 350 3173 soras
365 3116 524 3189 erumpitur
537 3125 567 3174 et
581 3114 666 3173 simul
680 3115 768 3173 altam

120 3204 276 3263 diffindens
291 3215 395 3263 terram
409 3224 547 3279 magnum
562 3205 721 3283 concinnat
735 3205 854 3264 hiatum.

119 3294 149 3351 in
164 3296 243 3370 Syria
256 3294 365 3354 Sidone
379 3295 460 3370 quod
474 3295 582 3353 accidit
596 3304 626 3353 et
639 3294 692 3353 fuit
705 3295 780 3372 Aegi
977 3304 1024 3368 585

119 3384 150 3442 in
164 3385 377 3461 Peloponneso,
392 3403 464 3460 quas
478 3386 572 3444 exitus
586 3385 635 3443 hic
649 3385 757 3444 animai
