2498 3894
178 220 245 292 IV.]
415 223 470 275 DE
497 223 642 278 RERUM
670 223 842 280 NATURA
1019 235 1055 300 13
1061 233 1077 302 5

176 399 291 456 semper
304 381 382 440 enim
398 391 495 456 partus
510 381 619 457 duplici
633 382 672 440 de
686 384 797 442 semine
812 372 935 458 eoistat,

175 480 263 546 atque
277 472 332 528 utri
347 472 466 529 similest
479 473 571 546 magis
585 471 616 530 id
631 473 840 548 quodcumque
856 485 979 548 creatur,
1016 498 1080 550 1230

176 561 237 619 eius
250 562 339 619 habet
352 561 417 636 plus
430 571 512 636 parte
527 580 640 637 aequa3
663 563 744 637 quod
758 582 878 623 cernere
893 567 997 642 possiS,

175 651 234 709 sive
248 651 339 708 virum
355 651 471 709 suboles
486 652 572 709 sivest
587 653 734 711 muliebris
750 655 841 729 origo,

215 741 281 799 Nec
295 741 391 799 divina
405 751 497 801 satum
513 743 668 816 genitalem
682 745 802 802 numina
816 745 952 820 cuiquam

174 831 343 903 absterrent,
357 841 440 906 pater
453 850 471 889 a
484 833 578 907 gnatis
593 851 630 891 ne
645 833 778 892 dulcibus
793 854 934 910 umquam

174 922 334 997 appelletur
348 931 377 980 et
390 931 423 979 ut
436 924 523 980 sterili
537 924 652 981 Venere
669 925 763 1000 exigat
774 944 877 983 aevom
889 947 897 998 3
1018 944 1078 997 ¹²35

174 1011 256 1088 quod
269 1012 442 1087 plerumque
459 1023 563 1088 putant
578 1023 608 1071 et
621 1015 713 1071 multo
728 1016 868 1089 sanguine
884 1016 987 1074 maesti

174 1112 371 1178 conspergunt
386 1121 448 1161 aras
462 1102 643 1178 adolentque
660 1105 758 1162 altaria
772 1105 867 1177 donis

174 1203 206 1250 ut
220 1191 350 1267 gravidas
364 1192 490 1253 reddant
504 1211 608 1252 uxores
623 1195 733 1252 semine
748 1195 836 1269 largo.

173 1283 352 1357 nequiquam
367 1282 466 1340 divom
481 1301 591 1341 numen
606 1285 747 1358 sortisque
763 1285 890 1359 fatigant.

173 1391 243 1430 nam
257 1372 368 1431 steriles
381 1373 503 1430 nimium
517 1392 615 1431 crasso
630 1385 697 1432 sunt
712 1375 822 1432 semine
837 1376 942 1450 partim
1018 1396 1080 1443 1240

175 1471 204 1520 et
218 1461 328 1536 liquido
344 1473 457 1537 praeter
471 1464 579 1521 iustum
594 1465 732 1537 tenuique
747 1465 882 1524 vicissim.

173 1561 259 1609 tenve
274 1552 345 1611 locis
360 1553 503 1626 quianon
517 1554 594 1628 potis
608 1563 652 1611 est
666 1554 793 1629 adfigere
808 1555 979 1626 adhaesum,

173 1642 291 1716 liquitur
305 1644 452 1718 extemplo
466 1653 496 1701 et
511 1654 680 1702 revocatum
695 1645 775 1703 cedit
789 1647 902 1704 abortu.

175 1733 296 1792 crassius
312 1733 356 1792 his
370 1751 458 1808 porro
473 1735 612 1809 quoniam
628 1735 792 1793 concretius
806 1754 901 1809 aequo

174 1824 302 1896 mittitur,
319 1832 443 1882 autnon
458 1834 517 1883 tam
534 1825 646 1898 prolixo
661 1826 794 1899 provolat
808 1826 867 1883 ictu
1020 1845 1079 1897 1245

174 1923 223 1971 aut
236 1923 388 1988 penetrare
402 1915 484 1973 locos
498 1933 592 1988 aeque
607 1916 708 1990 nequit
722 1925 771 1973 aut
785 1927 970 1990 penetratum

174 2021 259 2078 aegre
274 2003 451 2062 admiscetur
464 2005 597 2063 muliebri
612 2006 722 2063 semine
738 2024 848 2063 semen.
956 2008 961 2018 ’

173 2112 243 2151 nam
257 2094 380 2152 multum
394 2094 562 2153 harmoniae
577 2095 698 2152 Veneris
714 2095 828 2153 differre
842 2097 986 2155 videntur.

174 2193 262 2258 atque
277 2185 346 2242 alias
361 2184 407 2242 alii
422 2185 572 2259 complent
587 2186 676 2260 magis
692 2204 728 2243 ex
742 2186 861 2260 aliisque

176 2275 340 2349 succipiunt
354 2275 426 2332 aliae
441 2276 557 2350 pondus
572 2276 663 2350 magis
678 2277 766 2350 inque
781 2287 963 2351 gravescunt.
1018 2295 1080 2347 1250

177 2374 207 2422 et
220 2365 327 2422 multae
342 2365 451 2423 steriles
466 2366 647 2440 Hymenaeis
662 2376 730 2423 ante
745 2367 860 2424 suerunt

174 2453 303 2528 pluribus
318 2463 346 2512 et
360 2465 463 2512 nactae
477 2464 544 2529 post
558 2465 624 2513 sunt
639 2466 737 2513 tamen
751 2455 830 2514 unde
846 2455 958 2531 puellos

175 2544 322 2618 suscipere
337 2554 366 2601 et
381 2554 464 2618 partu
479 2555 600 2619 possent
615 2545 756 2603 ditescere
771 2546 858 2603 dulci.

175 2641 206 2692 et
219 2634 323 2708 quibus
337 2645 405 2691 ante
419 2634 501 2692 domi
515 2634 658 2693 secundae
674 2653 761 2711 saepe
778 2637 949 2710 nequissent

174 2742 279 2782 uxores
294 2741 404 2799 parere,
419 2724 562 2782 inventast
577 2725 629 2782 illis
644 2744 762 2800 quoque
777 2745 898 2802 compar
1019 2745 1079 2797 1²55

175 2822 285 2883 natura,
299 2822 332 2871 ut
344 2823 465 2889 possent
479 2815 571 2888 gnatis
586 2816 697 2873 munire
712 2825 872 2874 senectam.

176 2920 268 2976 usque
284 2901 360 2962 adeo
375 2905 472 2979 magni
487 2905 581 2976 refert,
596 2914 628 2962 ut
642 2907 752 2962 semina
766 2906 879 2981 possint

177 2992 334 3052 seminibus
350 2995 533 3052 commisceri
548 2995 709 3068 genitaliter
722 3007 798 3068 apta,

177 3099 309 3141 crassane
324 3084 498 3142 conveniant
512 3084 627 3158 liquidis
642 3094 671 3141 et
685 3083 794 3158 liquida
808 3083 918 3142 crassis.

176 3181 263 3247 atque
278 3173 307 3231 in
321 3191 358 3231 co
373 3174 459 3230 resert
473 3191 533 3248 qno
547 3174 624 3230 victu
639 3174 697 3230 vita
711 3173 841 3246 colatur;
1019 3180 1080 3230 1260

176 3279 303 3337 namque
317 3263 379 3320 aliis
393 3264 479 3320 rebus
494 3272 686 3320 concrescunt
701 3264 812 3320 semina
825 3262 963 3321 membris

176 3359 264 3428 atque
278 3352 339 3410 aliis
354 3361 546 3410 extenvantur
560 3353 717 3427 tabentque
732 3353 867 3410 vicissim.

176 3448 208 3500 et
220 3442 325 3517 quibus
340 3443 404 3518 ipsa
417 3442 513 3501 modis
526 3452 664 3501 tractetur
678 3442 784 3501 blanda
796 3442 938 3517 voluptas,
