2498 3894
188 224 245 294 rr]
424 224 479 278 nn
505 226 650 279 nauum
679 192 850 281 aarum
1045 229 1085 295 45

186 387 295 462 quique
309 403 364 445 suo
377 403 483 462 genere
499 387 573 444 inter
587 404 617 444 se
630 387 722 444 simile
736 404 799 445 esse
814 385 935 459 videbis,

186 478 256 552 quin
271 478 440 535 intercurrat
454 476 599 551 quaedam
614 476 750 534 distantia
763 477 870 536 formis.

185 567 422 641 concharumque
437 585 528 642 genus
543 567 623 642 parili
637 568 748 624 ratione
759 567 893 626 videmus

185 658 304 732 pingere
319 657 426 715 telluris
440 657 592 732 gremium,
607 675 666 732 qua
680 658 814 717 mollibus
828 657 914 717 undis
1040 677 1087 729 375

184 748 274 806 litoris
288 747 400 805 incurvi
413 748 541 806 bibulam
554 748 633 822 pavit
647 765 757 821 aequor
771 749 918 806 harenam.

185 856 275 913 quare
289 839 377 895 etiam
392 847 479 912 atque
494 838 581 894 etiam
596 838 681 895 simili
694 839 806 896 ratione
821 847 978 910 necessest,

184 938 287 986 natura
301 928 441 1002 quoniam
455 936 590 985 constant
604 945 701 1002 neque
716 929 792 986 facta
806 946 894 985 manu
908 938 975 986 sunt

184 1019 270 1075 unius
284 1017 323 1075 ad
337 1027 447 1075 certam
461 1018 583 1075 formam
598 1017 757 1091 primordia
769 1037 875 1090 rerum,

185 1108 314 1166 dissimili
329 1108 403 1165 inter
416 1126 447 1165 se
462 1107 608 1182 quaedam
620 1109 738 1165 volitare
753 1109 852 1184 figura.
1039 1118 1088 1180 380

225 1198 363 1256 Perfacile
379 1206 422 1256 est
436 1199 484 1255 tali
498 1199 609 1255 ratione
624 1199 774 1256 exsolvere
788 1199 873 1258 nobis

184 1306 272 1363 quare
283 1288 437 1346 fulmineus
452 1289 543 1345 multo
558 1289 732 1362 penetralior
745 1289 818 1363 ignis

184 1396 272 1453 quam
287 1387 386 1436 noster
400 1379 460 1435 fuat
474 1396 490 1435 e
505 1378 598 1436 taedis
613 1379 791 1436 terrestribus
806 1388 904 1451 ortus3

184 1468 282 1526 dicere
297 1469 376 1552 enim
390 1469 483 1543 possis
498 1468 654 1526 caelestem
668 1469 794 1526 fulminis
809 1470 907 1545 ignem

184 1560 319 1634 suptilem
333 1559 425 1634 magis
439 1577 455 1616 e
470 1560 564 1634 parvis
578 1568 712 1617 constare
727 1561 824 1635 figuris
847 1571 849 1579 '
1037 1569 1085 1634 385

183 1661 271 1726 atque
286 1649 355 1708 ideo
368 1651 487 1708 transire
502 1651 643 1708 foramina
656 1669 732 1724 quae
746 1651 848 1725 nequit
862 1651 935 1727 iguis

182 1751 282 1800 noster
295 1741 344 1798 hic
358 1759 375 1798 e
389 1741 473 1816 lignis
487 1750 566 1798 ortus
580 1741 725 1815 taedaque
740 1751 863 1800 creatus.

182 1842 315 1908 praterea
328 1831 427 1889 lumen
440 1849 494 1907 per
506 1849 630 1889 comum
645 1831 754 1903 transit,
769 1842 798 1889 at
810 1833 903 1890 imber

182 1923 334 1997 respuitur.
357 1923 467 1996 quare?
487 1921 541 1979 nisi
555 1922 671 1980 luminis
685 1922 732 1979 illa
745 1923 859 1980 minora

183 2031 307 2088 corpora
320 2022 387 2070 sunt
401 2030 490 2086 quam
504 2011 542 2070 de
557 2013 662 2087 quibus
674 2022 718 2070 est
728 2013 823 2087 liquor
833 2013 925 2072 almus
936 2032 1086 2088 aquarum.

183 2113 212 2161 et
226 2103 358 2178 quamvis
372 2103 468 2160 subito
482 2120 535 2176 per
548 2103 646 2160 colum
660 2103 727 2161 vina
740 2102 874 2160 videmus
1037 2125 1083 2177 391

182 2194 324 2269 perfluere
336 2213 344 2265 3
365 2201 395 2250 at
409 2201 509 2250 contra
522 2191 637 2250 tardum
652 2203 805 2250 cunctatur
818 2194 936 2267 olivom,

183 2293 233 2341 aut
247 2283 315 2358 quia
328 2283 464 2340 nimirum
479 2283 635 2341 maioribus
649 2293 694 2340 est
708 2283 858 2342 elementis

183 2384 233 2431 aut
246 2373 338 2448 magis
352 2373 475 2430 hamatis
488 2373 563 2430 inter
577 2391 608 2431 se
623 2391 734 2448 perque
748 2374 870 2448 plicatis,

182 2473 270 2537 atque
285 2463 353 2521 ideo
367 2463 400 2520 fit
413 2463 455 2520 uti
468 2481 529 2520 non
543 2471 603 2520 tam
617 2462 739 2520 diducta
752 2474 873 2537 repente
1036 2483 1084 2536 395

182 2553 258 2610 inter
271 2571 302 2611 se
316 2553 429 2628 possint
442 2552 601 2628 primordia
615 2553 727 2628 singula
741 2571 875 2628 quaeque

182 2643 294 2718 singula
308 2661 360 2719 per
374 2644 515 2717 cuiusque
529 2631 671 2700 foramina
685 2660 864 2717 permanare.

223 2735 295 2791 Huc
309 2733 424 2791 accedit
438 2733 480 2790 uti
494 2733 586 2791 mellis
599 2733 740 2807 lactisque
754 2733 880 2806 liquores

182 2823 314 2881 iucundo
328 2841 416 2881 sensu
430 2824 546 2898 linguae
560 2833 720 2881 tractentur
732 2823 763 2880 in
776 2841 847 2895 ore3

182 2922 213 2971 at
226 2923 329 2970 contra
342 2923 433 2971 taetra
446 2913 570 2972 absinthi
586 2924 689 2971 natura
702 2913 812 2987 ferique

182 3004 312 3061 centauri
326 3003 415 3062 foedo
429 3014 619 3079 pertorquent
633 3022 684 3061 ora
697 3021 819 3078 sapore;

182 3103 216 3151 ut
229 3094 311 3151 facile
326 3112 467 3168 agnoscas
482 3112 498 3152 e
513 3093 624 3153 levibus
638 3105 725 3169 atque
740 3092 873 3151 rutundis

182 3201 247 3242 esse
262 3201 298 3241 ea
312 3202 387 3259 quae
401 3202 502 3242 sensus
516 3183 644 3243 iucunde
659 3193 778 3259 tangere
792 3191 925 3259 possunt,

182 3282 213 3332 at
226 3283 329 3331 contra
342 3292 417 3348 quae
432 3293 529 3332 amara
543 3284 630 3349 atque
644 3293 747 3349 aspera
759 3291 888 3349 cumque
902 3271 1044 3342 videntur,

183 3361 258 3422 haec
271 3365 362 3439 magis
377 3364 499 3423 hamatis
512 3366 587 3422 inter
600 3382 631 3422 se
646 3383 722 3422 nexa
735 3365 827 3422 teneri
1035 3379 1083 3432 405

183 3463 398 3530 proptereaque
412 3456 504 3514 solere
518 3455 578 3512 vias
591 3454 756 3513 rescindere
771 3454 875 3513 nostris
