2498 3894
128 244 188 312 190
457 241 688 296 rueramus
959 239 1028 313 [vi.

121 404 241 480 ancipiti
256 403 395 480 quoniam
408 403 486 463 bello
499 403 630 461 turbatur
642 402 798 478 utrimque,

121 495 190 554 hinc
205 495 329 553 flammis
343 495 420 552 illinc
433 494 526 552 ventis
539 511 700 568 umoreque
715 495 816 552 mixto·

162 587 233 643 Hoc
248 596 292 643 est
307 585 418 659 igniferi
431 594 563 642 naturam
578 584 704 642 fulminis
718 584 812 659 ipsam

120 682 285 757 perspicere
300 692 329 740 et
343 701 402 756 qua
414 682 442 739 vi
456 682 543 738 faciat
556 699 618 738 rem
632 699 780 756 quamque
794 681 903 754 videre,
978 690 1029 754 380

120 791 180 829 non
194 771 345 847 Tyrrhena
357 782 433 829 retro
446 772 611 829 volventem
625 772 753 828 carmina
766 772 868 830 frustra

120 861 228 919 indicia
242 862 374 920 occultae
389 861 488 919 divum
502 861 669 936 perquirere
683 862 799 935 mentis,

120 952 200 1009 unde
214 952 314 1010 volans
328 952 403 1026 ignis
417 952 580 1027 pervenerit
593 961 643 1008 aut
657 951 687 1009 in
701 961 794 1009 utram
808 969 840 1008 se

120 1043 237 1100 verterit
251 1043 319 1099 hinc
334 1043 448 1116 partim,
463 1060 523 1116 quo
538 1051 625 1116 pacto
640 1059 693 1116 per
706 1042 773 1100 loca
786 1051 886 1117 saepta

119 1132 278 1204 insinuarit,
294 1144 323 1189 et
337 1133 404 1189 hinc
419 1131 585 1190 dominatus
598 1140 630 1189 ut
644 1132 776 1190 extulerit
790 1150 832 1204 se,
977 1138 1025 1204 385

120 1222 227 1298 quidve
242 1241 349 1281 nocere
364 1231 453 1296 queat
466 1221 505 1280 de
519 1222 601 1279 caelo
615 1222 743 1280 fulminis
757 1223 840 1282 ictus.

120 1312 202 1388 quod
216 1313 240 1371 si
255 1313 388 1388 Iuppiter
400 1322 488 1386 atque
503 1313 550 1369 alii
564 1312 703 1387 fulgentia
717 1312 776 1370 divi

119 1403 245 1462 terrifico
260 1404 394 1479 quatiunt
407 1402 503 1461 sonitu
518 1402 654 1460 caelestia
668 1403 777 1477 templa

120 1503 149 1551 et
163 1493 271 1551 iaciunt
285 1494 382 1568 ignem
397 1511 457 1568 quo
471 1494 628 1568 quoiquest
641 1511 768 1568 cumque
782 1493 924 1568 voluptas,

120 1601 172 1640 cur
185 1584 290 1658 quibus
304 1584 453 1640 incautum
468 1583 563 1640 scelus
576 1583 733 1641 aversabile
748 1594 902 1660 cumquest
975 1602 1026 1656 390

118 1691 180 1730 non
194 1673 303 1730 faciunt
317 1673 366 1730 icti
380 1674 510 1730 flammas
524 1682 556 1731 ut
569 1672 687 1748 fulguris
703 1673 802 1731 halent

118 1773 239 1837 pectore
253 1765 373 1838 perfixo,
389 1761 538 1821 documen
552 1763 719 1836 mortalibus
734 1781 810 1838 acre,

119 1863 149 1910 et
162 1854 259 1927 potius
273 1854 351 1911 nulla
364 1853 417 1910 sibi
432 1853 508 1927 turpi
521 1853 657 1912 conscius
670 1853 700 1911 in
713 1871 744 1911 re

117 1943 239 2001 volvitur
253 1944 283 2001 in
297 1943 419 2000 flammis
433 1943 568 2001 innoxius
582 1944 672 2018 inque
686 1943 803 2019 peditur

118 2033 232 2092 turbine
247 2034 363 2091 caelesti
378 2034 473 2091 subito
488 2044 638 2108 correptus
653 2043 682 2092 et
696 2034 776 2109 igni?
975 2052 1024 2107 395

118 2142 171 2180 cur
184 2125 271 2181 etiam
285 2125 351 2181 loca
365 2124 426 2180 sola
439 2134 541 2198 petunt
556 2125 715 2199 frustraque
730 2125 881 2182 laborant?

118 2231 156 2270 an
170 2222 233 2271 tum
247 2214 383 2272 bracchia
397 2224 594 2271 consuescunt
608 2214 781 2288 firmantque
797 2214 941 2272 lacertos?

118 2303 148 2360 in
163 2312 295 2378 terraque
311 2305 398 2378 patris
413 2323 465 2360 cur
478 2305 568 2361 telum
583 2306 785 2379 perpetiuntur

119 2395 264 2469 optundi?
285 2414 336 2452 cur
349 2396 411 2469 ipse
427 2395 493 2453 sinit
507 2413 604 2469 neque
618 2396 711 2469 parcit
725 2396 754 2452 in
769 2395 880 2453 hostis?

120 2484 247 2559 denique
262 2504 314 2542 cur
328 2504 488 2559 numquam
503 2486 585 2542 caelo
600 2486 666 2542 iacit
680 2485 810 2559 undique
825 2504 899 2560 puro
975 2507 1026 2554 400

120 2575 252 2649 Iuppiter
265 2576 295 2632 in
310 2585 397 2633 terras
412 2577 521 2632 fulmen
536 2576 706 2649 sonitusque
721 2576 892 2650 profundit?

119 2683 156 2721 an
171 2666 256 2722 simul
270 2684 304 2722 ac
319 2667 412 2723 nubes
427 2684 604 2736 successere,
619 2667 681 2740 ipse
696 2667 726 2723 in
741 2685 790 2724 eas
805 2676 866 2724 tum

120 2753 280 2827 descendit,
296 2774 387 2830 prope
402 2765 434 2812 ut
448 2755 517 2813 hinc
532 2757 581 2812 teli
596 2756 771 2814 determinet
785 2757 880 2814 ictus?

119 2846 149 2901 in
163 2864 242 2902 mare
257 2864 315 2919 qua
329 2864 415 2920 porro
430 2847 516 2903 mittit
530 2847 662 2903 ratione?
683 2846 755 2921 quid
768 2846 862 2904 undas

119 2936 211 3008 arguit
225 2945 254 2992 et
267 2935 406 3010 liquidam
421 2938 530 2993 molem
544 2955 726 3011 composque
741 2937 888 2994 natantis?
975 2956 1025 3008 405

118 3035 269 3099 praeterea
283 3027 306 3083 si
320 3026 379 3082 vult
393 3045 547 3084 caveamus
562 3027 688 3085 fulminis
702 3028 803 3099 ictum,

120 3133 171 3170 cur
185 3115 298 3173 dubitat
311 3116 405 3173 facere
420 3127 452 3174 ut
465 3118 610 3192 possimus
625 3136 743 3175 cernere
759 3117 899 3174 missum?

119 3205 142 3262 si
158 3223 214 3262 nec
228 3206 373 3279 opinantis
388 3217 485 3264 autem
498 3208 558 3264 volt
572 3209 737 3282 opprimere
751 3208 819 3282 igni,

119 3313 171 3352 cur
184 3305 266 3353 tonat
280 3314 316 3352 ex
330 3295 378 3353 illa
391 3307 481 3370 parte,
495 3307 528 3354 ut
540 3298 629 3354 vitare
644 3316 794 3372 queamus,

120 3403 172 3441 cur
185 3387 319 3443 tenebras
333 3396 400 3442 ante
416 3396 444 3444 et
458 3388 586 3445 fremitus
601 3397 630 3445 et
645 3407 792 3445 murmura
805 3387 924 3446 concil?
974 3410 1026 3456 410

120 3484 150 3532 et
164 3475 249 3532 simul
263 3476 293 3533 in
307 3477 411 3535 multas
425 3478 513 3552 partis
528 3479 579 3553 qui
593 3479 713 3537 credere
728 3478 823 3554 possis
