2498 3894
124 230 183 278 122
455 226 686 280 nuenarius
954 226 1022 298 [iv.

119 394 271 463 praeterea
284 385 451 445 meminisse
466 385 541 444 iacet
554 386 730 461 languetque
744 404 851 462 sopore
976 394 1023 459 765

119 496 175 535 nec
190 477 323 535 dissentit
337 495 406 534 eum
420 477 520 534 mortis
535 476 642 550 letique
658 478 783 551 potitum

119 568 176 625 iam
192 567 315 642 pridem,
331 585 419 641 quem
435 585 518 624 mens
532 567 628 624 vivom
644 585 674 624 se
689 585 808 624 cernere
823 565 924 625 credit

120 659 201 732 quod
215 666 354 732 superest,
369 676 431 714 non
445 667 489 715 est
503 657 607 713 mirum
621 657 772 714 simulacra
786 658 897 714 moveri

118 749 312 822 bracchiaque
327 748 357 805 in
370 766 524 804 numerum
540 748 645 804 iactare
660 756 689 804 et
703 756 801 804 cetera
813 748 964 820 membra3

118 857 187 896 nam
202 839 234 895 fit
247 848 279 896 ut
293 838 447 896 insomnis
463 838 557 895 facere
572 837 629 894 hoc
643 837 775 894 videatur
787 837 905 912 imag03
976 858 1025 904 770

120 930 229 1004 quippe
243 929 294 986 ubi
309 930 401 1003 prima
415 929 489 1003 perit
503 928 618 1002 alioque
634 937 678 985 est
692 928 781 984 altera
794 938 864 984 nata

119 1019 187 1077 inde
203 1028 287 1091 statu,
303 1020 381 1093 prior
394 1020 442 1076 hic
456 1028 569 1094 gestum
585 1027 711 1076 mutasse
725 1016 849 1076 videtur.

119 1110 229 1167 scilicet
243 1109 273 1167 id
288 1111 348 1167 fieri
363 1110 450 1166 celeri
464 1110 574 1166 ratione
590 1108 799 1183 putandumst:

119 1208 199 1256 tanta
213 1210 256 1257 est
270 1201 414 1258 mobilitas
429 1209 459 1256 et
472 1218 566 1256 rerum
582 1199 670 1272 copia
684 1208 763 1256 tanta

119 1299 256 1364 tantaque
271 1291 399 1347 sensibili
413 1291 516 1364 quovis
530 1299 573 1346 est
588 1299 721 1363 tempore
734 1290 765 1345 in
780 1306 840 1346 uno
975 1308 1023 1361 775

119 1381 206 1454 copia
220 1381 431 1454 particularum,
447 1389 479 1436 ut
492 1380 582 1454 possit
597 1378 795 1454 suppeditare.

160 1468 328 1546 [Multaque
344 1471 373 1526 in
387 1470 431 1527 his
445 1471 531 1528 rebus
545 1479 722 1545 quaeruntur
736 1470 884 1544 multaque
898 1470 984 1529 nobis

118 1561 322 1634 clarandumst,
337 1563 422 1637 plane
437 1563 520 1620 sires
534 1580 681 1636 exponere
697 1580 823 1619 avemus.

118 1652 264 1726 quaeritur
277 1653 307 1709 in
321 1654 420 1727 primis
435 1671 534 1727 quare,
548 1652 630 1727 quod
645 1652 752 1726 cuique
768 1652 859 1710 libido

116 1743 236 1813 venerit,
252 1743 400 1817 extemplo
416 1761 500 1800 mens
514 1743 623 1818 cogitet
637 1744 699 1800 eius
714 1741 745 1799 id
759 1742 865 1816 ipsum.
976 1751 1025 1811 780

116 1850 193 1889 anne
207 1833 385 1890 voluntatem
400 1844 528 1891 nostram
542 1833 693 1890 simulacra
707 1841 823 1890 tuentur

117 1932 147 1979 et
160 1923 244 1980 simul
258 1942 293 1980 ac
307 1923 439 1980 volumus
454 1924 538 1981 nobis
553 1925 678 1980 occurrit
692 1923 797 1996 imag0,

117 2013 140 2070 si
155 2032 244 2084 mare,
259 2014 282 2070 si
298 2024 400 2070 terrast
414 2014 505 2084 cordi,
521 2014 544 2070 si
559 2014 686 2087 denique
702 2013 837 2070 caelum?

116 2113 277 2160 conventus
292 2104 444 2161 hominum
459 2122 598 2177 pompam
614 2104 746 2160 convivia
759 2121 880 2177 pugnas

117 2194 217 2250 omnia
232 2194 285 2250 sub
298 2194 426 2251 verbone
442 2204 521 2250 creat
535 2204 637 2250 natura
652 2195 813 2267 paratque?
974 2201 1020 2264 785

117 2302 184 2340 curn
200 2286 368 2358 praesertim
383 2285 444 2341 aliis
459 2284 563 2341 eadem
579 2285 608 2341 in
623 2285 742 2358 regione
757 2285 883 2359 locoque

116 2374 203 2448 longe
219 2373 363 2432 dissimilis
378 2376 490 2432 animus
505 2393 550 2432 res
564 2375 673 2448 cogitet
688 2375 792 2432 omnis.

117 2464 188 2537 quid
204 2482 300 2538 porr0,
315 2466 345 2522 in
360 2484 513 2523 numerum
528 2464 689 2539 procedere
706 2483 773 2522 cum
789 2465 940 2522 simulacra

117 2556 263 2612 cernimus
278 2556 307 2611 in
322 2556 430 2612 somnis
446 2564 475 2612 et
489 2556 586 2612 mollia
600 2556 730 2612 membra
744 2574 872 2626 movere,

117 2645 215 2701 mollia
229 2645 373 2702 mobiliter
386 2664 454 2701 cum
469 2646 584 2702 alternis
598 2645 734 2702 bracchia
749 2636 867 2702 mittunt
974 2666 1022 2717 790

117 2744 147 2791 et
161 2744 295 2809 repetunt
310 2735 401 2791 oculis
415 2744 528 2809 gestum
543 2734 620 2810 pede
635 2736 842 2793 convenienti?

118 2825 228 2882 scilicet
242 2835 301 2881 arte
316 2825 436 2882 madent
451 2825 604 2882 simulacra
618 2835 647 2882 et
661 2824 750 2882 docta
764 2836 911 2900 vagantur,

117 2924 262 2972 nocturno
277 2915 370 2972 facere
386 2925 417 2972 ut
431 2916 544 2989 possint
558 2915 588 2972 in
603 2925 735 2989 tempore
752 2915 846 2974 ludos.

118 3022 155 3060 an
170 3005 259 3078 magis
275 3004 345 3062 illud
359 3006 412 3061 erit
425 3007 547 3062 verum?
567 3005 635 3079 quia
649 3015 782 3080 tempore
797 3007 827 3063 in
841 3024 909 3077 un0,

117 3112 185 3150 cum
200 3095 339 3153 sentimus
354 3095 393 3165 id,
409 3106 438 3152 et
452 3114 519 3153 cum
533 3114 591 3153 vox
605 3096 744 3153 emittitur
757 3115 824 3168 una,
974 3115 1020 3170 795

117 3192 250 3257 tempora
264 3184 354 3241 multa
366 3185 466 3255 latent,
482 3186 554 3243 ratio
569 3204 644 3259 quae
659 3186 803 3260 comperit
819 3203 892 3259 esse,

117 3282 273 3348 propterea
287 3273 319 3330 fit
333 3273 374 3330 uti
389 3274 492 3347 quovis
507 3275 536 3332 in
551 3285 683 3348 tempore
699 3293 834 3349 quaeque

116 3372 233 3440 praesto
247 3363 304 3421 sint
318 3364 470 3420 simulacra
483 3365 554 3422 locis
569 3365 598 3421 in
613 3365 737 3439 quisque
752 3374 860 3440 parata.

117 3461 146 3511 et
160 3452 229 3528 quia
242 3454 339 3513 tenvia
352 3463 427 3528 sunt,
443 3455 498 3514 nisi
512 3472 587 3530 quae
602 3455 764 3527 contendit,
779 3465 864 3513 acute
971 3463 1022 3513 802
