2498 3894
131 238 189 302 168
459 250 690 306 rucaarrus
979 250 1029 324 [v.

124 413 199 471 inter
213 431 303 489 equas
317 415 366 472 ubi
381 431 473 489 equus
488 413 601 472 florenti
614 422 708 471 aetate
722 412 862 473 iuvencus

124 505 268 580 pinnigeri
282 505 372 562 saevit
386 504 544 562 calcaribus
558 505 632 561 ictus
646 504 762 576 amoris,
965 524 1028 578 ¹075

124 604 154 651 et
168 595 313 652 fremitum
329 595 432 668 patulis
446 594 496 652 ubi
510 594 626 651 naribus
642 593 702 652 edit
715 593 755 651 ad
768 612 856 666 anna,

125 694 235 742 etcum
250 685 291 742 sic
306 684 374 741 alias
388 685 537 741 concussis
551 684 659 742 artibus
674 684 791 742 hinnit?

123 785 286 849 prostremo
300 792 392 849 genus
406 774 525 831 alituum
539 774 693 848 variaeque
707 775 848 846 volucres,

124 865 276 939 accipitres
290 873 377 938 atque
392 864 545 938 ossifragae
559 865 709 938 mergique
724 864 841 922 marinis

123 954 257 1012 fluctibus
270 955 301 1011 in
316 955 390 1011 salso
404 953 513 1010 victum
527 954 674 1027 vitamque
688 963 831 1029 petentes
965 964 1030 1015 1080

123 1043 210 1118 longe
224 1044 292 1101 alias
306 1044 362 1101 alio
377 1043 485 1101 iaciunt
498 1043 526 1100 in
543 1052 676 1118 tempore
688 1062 787 1115 voces

123 1143 153 1191 et
166 1152 257 1208 quom
271 1133 309 1191 de
323 1135 401 1192 victu
416 1142 527 1190 certant
540 1132 726 1208 praedaeque
740 1144 911 1210 repugnant

123 1233 153 1282 et
166 1225 271 1299 partim
285 1233 398 1281 mutant
413 1242 480 1281 cum
495 1224 716 1299 tempestatibus
729 1242 788 1283 una

121 1314 289 1372 raucisonos
304 1325 415 1385 cantus,
430 1313 579 1371 cornicum
594 1323 626 1370 ut
640 1313 735 1371 saecla
748 1323 861 1372 vetusta

122 1423 334 1480 corvorumque
349 1423 450 1479 greges
464 1403 515 1461 ubi
528 1421 634 1478 aquam
649 1403 784 1461 dicuntur
798 1413 828 1461 et
841 1405 941 1464 imbris
964 1414 1026 1478 1085

121 1514 244 1571 poscere
259 1506 288 1554 et
302 1494 449 1552 interdum
462 1503 565 1552 ventos
580 1511 721 1568 aurasque
735 1512 851 1554 vocare.

122 1604 191 1661 ergo
206 1587 229 1644 si
242 1586 311 1643 varii
325 1604 425 1644 sensus
440 1584 575 1642 animalia
589 1593 709 1660 cogunt,

121 1686 203 1733 muta
216 1687 396 1734 tamencum
411 1675 475 1746 sint,
490 1675 581 1732 varias
596 1675 727 1732 emittere
741 1693 840 1749 voces,

121 1775 231 1840 quanto
247 1767 373 1824 mortalis
388 1766 479 1840 magis
493 1773 624 1822 aecumst
638 1773 699 1821 tum
713 1767 844 1839 potuisse

121 1855 265 1914 dissimilis
280 1856 335 1914 alia
348 1867 435 1930 atque
450 1856 505 1913 alia
518 1873 564 1912 res
578 1872 651 1912 voce
665 1864 767 1913 notare
781 1859 787 1914 l
961 1875 1027 1928 1090

163 1944 252 2024 [Illud
267 1949 295 2003 in
310 1946 354 2004 his
367 1946 453 2003 rebus
468 1945 572 2002 tacitus
585 1963 624 2002 ne
638 1945 712 2003 sorte
727 1946 864 2021 requiras,

121 2038 230 2095 fulmen
245 2037 347 2094 detulit
361 2037 391 2093 in
405 2046 510 2094 terram
524 2035 692 2093 mortalibus
706 2036 805 2111 ignem

121 2129 260 2202 primitus,
276 2127 344 2184 inde
360 2127 454 2184 omnis
469 2125 649 2183 flammarum
664 2125 773 2184 diditur
786 2125 880 2184 ardor.

120 2219 210 2276 multa
224 2217 355 2276 videmus
371 2218 448 2274 enim
463 2217 634 2275 caelestibus
648 2218 728 2274 inlita
743 2217 864 2275 flammis

120 2310 236 2384 fulgere,
252 2328 319 2366 cum
335 2309 406 2365 caeli
421 2308 540 2365 donavit
554 2308 638 2383 plaga
652 2326 770 2381 vapore.
790 2331 794 2339 ·
961 2326 1024 2378 ¹095

120 2411 149 2457 et
163 2419 275 2457 ramosa
289 2410 387 2456 tamen
402 2417 468 2455 cum
483 2399 578 2456 ventis
594 2398 676 2472 pulsa
690 2397 825 2456 vacillans

119 2500 230 2547 aestuat
244 2490 274 2546 in
287 2508 382 2547 ramos
397 2490 568 2547 incumbens
583 2488 691 2545 arboris
706 2488 799 2559 arbor,

120 2581 288 2654 exprimitur
301 2579 401 2637 validis
416 2580 534 2636 extritus
548 2579 654 2635 viribus
669 2578 742 2652 ignis

120 2681 149 2727 et
162 2671 251 2728 micat
266 2669 410 2727 interdum
425 2669 551 2727 flammai
566 2667 692 2726 fervidus
706 2668 802 2739 ardor,

119 2771 219 2818 mutua
234 2760 303 2817 dum
318 2761 392 2817 inter
406 2779 436 2818 se
451 2761 523 2817 rami
538 2759 701 2834 stirpesque
715 2769 855 2816 teruntur.
960 2778 1025 2816 1100

119 2869 243 2923 quorum
258 2860 412 2925 utrumque
428 2849 544 2907 dedisse
559 2860 656 2924 potest
671 2848 839 2906 mortalibus
853 2848 961 2922 ignem.

118 2940 187 2997 inde
202 2941 299 2998 cibum
316 2959 443 3015 coquere
458 2959 493 2997 ac
507 2939 640 2996 flammae
656 2939 766 2997 mollire
780 2956 887 3013 vapore

119 3031 161 3089 sol
176 3030 284 3102 docuit,
301 3032 440 3106 quoniam
455 3030 608 3088 mitescere
622 3030 713 3086 muita
726 3029 865 3087 videbant

117 3121 283 3180 verberibus
297 3122 442 3179 radiorum
458 3130 544 3195 atque
559 3129 639 3177 aestu
654 3119 731 3177 victa
744 3137 796 3195 per
811 3137 904 3193 agros.
984 3160 987 3169 .

158 3214 252 3287 Inque
268 3212 330 3270 dies
344 3213 435 3286 magis
450 3212 479 3268 hi
493 3212 602 3268 victum
617 3211 764 3286 vitamque
779 3211 906 3284 priorem
958 3229 1022 3283 1105

118 3315 298 3362 commutare
313 3303 394 3361 novis
409 3303 607 3360 monstrabant
621 3301 703 3358 rebu'
718 3300 846 3374 benigni,

117 3395 236 3470 ingenio
250 3395 300 3470 qui
314 3394 497 3468 praestabant
512 3403 540 3448 et
555 3390 645 3448 corde
659 3391 804 3465 vigebant.

118 3486 247 3544 condere
262 3491 422 3560 coeperunt
437 3483 513 3540 urbis
528 3499 682 3556 arcemque
697 3483 792 3539 locare
