2498 3894
130 205 191 274 166
458 222 689 278 tucaarms
979 223 1030 295 [v.

125 380 249 441 subdola
262 381 397 458 pellicere
411 384 441 442 in
456 384 587 442 fraudem
599 385 758 443 ridentibus
772 381 868 455 undis,
966 403 1029 457 1005

124 473 257 548 improba
270 475 398 532 naucleri
412 475 484 532 ratio
499 494 568 532 cum
583 494 672 533 caeca
685 476 808 534 iacebat.

125 574 185 621 tum
200 565 320 640 penuria
334 564 442 622 deinde
457 566 515 624 cibi
529 566 695 640 languentia
709 567 767 622 leto

125 656 255 713 membra
269 655 364 727 dabat,
380 665 481 712 contra
495 675 574 712 nunc
588 674 683 712 rerum
699 657 785 730 copia
798 665 914 714 mersat.

125 745 163 801 illi
177 745 365 820 inprudentes
379 746 434 820 ipsi
449 745 503 803 sibi
518 764 606 820 saepe
620 764 766 802 venenum

124 837 288 910 vergebant,
303 837 386 894 nurui
400 854 479 894 nunc
494 835 566 894 dant
579 837 719 894 sollertius
734 836 799 912 ipsi.
966 858 1030 896 1010

164 924 240 982 Inde
256 945 336 983 casas
352 937 508 1001 postquam
522 945 557 984 ac
571 927 655 1001 pellis
669 927 827 1001 ignemque
840 938 987 1002 pararunt,

124 1024 153 1071 et
168 1015 269 1072 mulier
283 1019 440 1074 coniuncta
454 1018 514 1075 viro
526 1018 673 1076 concessit
688 1018 719 1075 in
733 1037 826 1075 unum

123 1196 239 1270 cognita
253 1205 328 1267 sunt,
342 1197 511 1271 prolemque
526 1217 562 1256 ex
578 1217 609 1256 se
622 1198 722 1256 videre
737 1208 873 1270 creatam,

123 1295 185 1343 tum
199 1305 290 1360 genus
305 1287 464 1344 humanum
477 1289 604 1362 primum
618 1289 788 1347 mollescere
803 1289 910 1363 coepit.

122 1379 195 1453 ignis
209 1379 287 1436 enim
302 1380 410 1436 curavit
424 1389 456 1437 ut
471 1381 540 1438 alsia
554 1399 679 1456 corpora
693 1383 780 1456 frigus
963 1398 1026 1452 1015

122 1489 183 1528 non
197 1472 236 1529 ita
250 1473 306 1528 iam
320 1481 441 1546 possent
455 1473 528 1530 caeli
542 1473 596 1531 sub
610 1475 738 1548 tegmine
753 1474 836 1545 serre,
873 1514 893 1527 .

123 1570 152 1618 et
165 1563 265 1619 Venus
280 1561 414 1619 inminuit
428 1563 493 1620 viris
506 1563 649 1637 puerique
663 1574 815 1638 parentum

123 1651 266 1709 blanditiis
282 1652 364 1709 facile
378 1652 527 1727 ingenium
541 1654 652 1728 fregere
666 1655 832 1728 superbum.

122 1750 191 1798 tunc
206 1752 235 1800 et
249 1742 406 1799 amicitiem
422 1749 583 1818 coepemnt
596 1744 715 1819 iungere
729 1753 848 1801 aventes

121 1830 233 1889 finitimi
248 1832 322 1889 inter
336 1850 367 1889 se
382 1849 437 1890 nec
453 1833 570 1891 laedere
586 1853 644 1892 nec
658 1835 765 1906 violari,
961 1854 1026 1890 1020

121 1932 150 1980 et
164 1940 270 1997 pueros
285 1923 528 1980 commendarunt
542 1925 741 1998 muliebreque
756 1924 893 1994 saeclum,

120 2013 240 2070 vocibus
256 2022 285 2071 et
298 2023 380 2087 gestu
396 2032 463 2069 cum
478 2015 563 2072 balbe
578 2015 773 2089 significarent

120 2103 329 2161 imbecillorum
345 2122 408 2160 esse
423 2123 526 2161 aecum
542 2106 702 2163 misererier
716 2106 821 2165 omnis.
866 2130 868 2134 ·

119 2191 176 2250 nec
190 2204 288 2251 tamen
303 2194 482 2252 omnimodis
498 2205 612 2269 poterat
627 2195 787 2254 concordia
800 2195 887 2270 gigni,

120 2284 172 2341 sed
186 2284 264 2342 bona
278 2302 442 2357 magnaque
457 2303 523 2359 pars
537 2287 668 2343 servabat
682 2286 801 2343 foedera
816 2296 894 2342 caste
906 2305 913 2356 ;
958 2304 1021 2356 1025

119 2383 168 2430 aut
182 2392 273 2448 genus
288 2375 448 2432 humanum
463 2376 520 2431 iam
535 2385 596 2432 tum
611 2377 684 2434 foret
698 2395 786 2434 omne
802 2385 987 2450 peremptum

119 2482 175 2521 nec
190 2465 332 2538 potuisset
346 2465 443 2522 adhuc
458 2465 618 2539 perducere
633 2467 727 2523 saecla
736 2484 882 2542 >propago

158 2556 197 2612 At
210 2555 303 2612 varios
317 2555 431 2628 linguae
447 2555 556 2612 sonitus
571 2566 672 2612 natura
686 2557 799 2630 subegit

118 2645 231 2702 mittere
247 2654 276 2701 et
290 2645 394 2703 utilitas
410 2646 548 2719 expressit
563 2646 682 2702 nomina
695 2665 799 2716 rerum,

118 2754 179 2792 non
194 2735 248 2792 alia
262 2735 349 2810 longe
364 2737 474 2792 ratione
489 2745 577 2808 atque
592 2736 655 2809 ipsa
668 2736 782 2793 videtur
958 2757 1024 2808 1030

119 2826 285 2900 protrahere
301 2825 339 2882 ad
353 2837 465 2900 gestum
481 2843 588 2898 pueros
605 2826 723 2883 infantia
736 2827 860 2901 linguae,

119 2934 184 2971 cum
201 2915 268 2971 facit
282 2925 313 2972 ut
328 2915 418 2989 digito
434 2933 507 2988 quae
523 2916 580 2973 sint
594 2917 757 2991 praesentia
770 2924 939 2973 monstrent

118 3005 204 3062 sentit
219 3007 297 3062 enim
311 3007 369 3062 vim
384 3007 507 3079 quisque
523 3025 604 3063 suam
620 3005 718 3080 quoad
733 3006 824 3080 possit
838 3005 926 3064 abuti.

118 3113 228 3152 cornua
241 3106 309 3152 nata
323 3095 400 3168 prius
415 3096 504 3153 vitulo
519 3114 607 3171 quam
622 3096 762 3153 frontibus
777 3106 885 3166 extent,

116 3186 170 3243 illis
185 3186 271 3242 iratus
285 3186 357 3259 petit
371 3196 458 3259 atque
473 3186 593 3243 infestus
609 3187 729 3260 inurget.
958 3205 1020 3258 ¹035

117 3286 146 3332 at
160 3277 247 3332 catuli
261 3277 466 3350 pantherarum
481 3277 651 3350 scymnique
665 3277 784 3333 leonum

117 3366 260 3440 unguibus
275 3384 309 3422 ac
324 3365 447 3438 pedibus
462 3366 519 3422 iam
534 3376 596 3422 tum
610 3384 767 3440 morsuque
781 3374 955 3440 repugnant,

116 3455 164 3514 vix
178 3457 264 3513 etiam
280 3474 346 3512 eum
362 3456 545 3514 sunt'dentes
559 3474 729 3531 unguesque
744 3456 843 3513 creati.
