2498 3894
20 130 75 189 :lt

179 200 239 261 ¹44
506 194 738 250 nuenarius
1025 192 1078 265 [V.

173 359 223 432 qui
238 375 288 415 sua
303 365 441 427 tutentur,
456 354 577 430 quando
591 355 726 413 omnibus
741 355 840 413 omnia
853 354 930 430 large

172 447 256 505 tellus
272 449 335 522 ipsa
349 447 422 521 parit
436 455 596 520 naturaque
611 445 735 504 daedala
748 441 868 523 rerum]

215 537 361 611 Principio
376 536 514 610 quoniam
529 537 613 593 terrai
627 554 734 610 corpus
748 544 778 592 et
791 552 877 592 umor
1031 551 1079 605 ²35

172 644 366 700 aurarumque
380 627 458 683 leves
474 626 588 682 animae
603 624 748 699 calidique
763 642 894 699 vapores,

173 737 190 776 e
205 720 310 793 quibus
325 718 398 776 haec
411 736 507 778 rerum
523 718 679 775 consistere
694 735 809 776 summa
821 715 944 786 videtur,

172 809 272 867 omnia
286 809 384 866 nativo
398 826 433 865 ac
447 808 561 866 mortali
575 825 698 882 corpore
713 815 857 877 constant,

173 898 263 956 debet
277 898 384 956 eodem
399 897 611 956 omnisinundi
626 908 728 955 natura
741 896 843 972 putari.

76 1049 83 1058 ,
173 989 282 1063 quippe
298 988 406 1045 etenim
421 1005 546 1062 quorum
560 988 648 1062 partis
662 997 691 1044 et
705 987 836 1044 membra
848 974 1000 1064 videmuss
1032 1003 1082 1053 240

152 1072 157 1085 “
173 1096 296 1153 corpore
311 1078 409 1135 nativo
423 1095 457 1134 ac
473 1078 641 1135 mortalibus
655 1095 719 1135 esse
733 1075 839 1152 figuris,

173 1168 249 1225 haec
264 1168 369 1226 eadem
384 1167 475 1226 ferme
489 1168 622 1226 mortalia
636 1167 780 1224 cernimus
794 1183 858 1224 esse

173 1269 203 1316 et
216 1259 313 1316 nativa
327 1250 430 1327 simull
437 1267 613 1332 quapropter
627 1258 753 1314 maxima
766 1255 868 1313 mundi

173 1367 242 1405 cum
256 1348 372 1406 videam
387 1347 519 1406 membra
532 1366 567 1404 ac
581 1347 668 1421 partis
682 1356 858 1420 consumpta
870 1344 989 1422 regigni,

173 1439 247 1495 scire
261 1439 329 1495 licet
343 1438 416 1495 caeli
430 1455 548 1513 quoque
564 1437 633 1495 item
648 1446 799 1511 terraeque
814 1436 902 1494 fuisse
1032 1453 1079 1508 245

173 1527 343 1603 principiale
357 1526 476 1601 aliquod
492 1537 607 1601 tempus
626 1525 799 1601 clademque
814 1526 948 1586 suturam.

214 1617 291 1675 Illud
305 1618 334 1674 in
350 1617 394 1674 his
408 1617 494 1675 rebus
508 1635 546 1674 ne
561 1617 733 1691 corripuisse
748 1616 835 1674 rearis

174 1725 222 1764 me
237 1707 317 1777 mihi,
333 1705 415 1781 qnod
428 1716 533 1764 terram
547 1716 634 1780 atque
649 1706 745 1780 ignem
761 1705 893 1764 mortalia
905 1706 1017 1782 sumpsi

174 1815 237 1855 esse
253 1814 350 1871 neque
365 1814 499 1854 umorem
513 1795 642 1854 dubitavi
656 1813 798 1871 aurasque
812 1796 906 1871 perire

174 1896 262 1961 atque
276 1886 381 1944 eadem
396 1887 474 1961 gigni
488 1904 642 1960 rursusque
656 1904 813 1960 augescere
827 1886 897 1958 dixi,
1033 1903 1084 1956 250

173 1978 317 2052 principio
331 1995 397 2050 pars
411 1977 494 2034 terrai
508 1976 655 2047 nonnulla,
671 1986 787 2050 perusta

174 2067 281 2125 solibus
295 2065 433 2136 adsiduis,
448 2067 538 2123 multa
552 2067 664 2141 pulsata
677 2066 787 2141 pedum
802 2066 840 2138 vi,

174 2157 297 2232 pulveris
312 2155 427 2213 exhalat
440 2156 577 2213 nebulam
591 2157 742 2230 nubesque
758 2156 880 2215 volantis

175 2265 246 2320 quas
260 2246 345 2302 validi
360 2255 422 2303 toto
437 2244 607 2320 dispergunt
620 2249 686 2305 aere
702 2247 790 2304 venti.

175 2355 241 2411 pars
256 2337 342 2393 etiam
358 2335 505 2410 glebarum
521 2336 559 2393 ad
574 2336 710 2394 diluviem
726 2346 881 2394 revocatur
1035 2355 1081 2408 255

176 2426 315 2484 imbribus
331 2435 360 2482 et
375 2426 450 2500 ripas
464 2425 596 2483 radentia
609 2425 728 2483 flumina
741 2427 857 2484 rodunt.

176 2526 326 2590 praeterea
340 2533 393 2589 pro
408 2526 489 2589 parte
504 2535 564 2588 sua,
580 2516 789 2591 quodcumque
803 2515 861 2574 alid
875 2525 970 2592 auget,

175 2600 325 2677 redditur,
348 2614 377 2662 et
391 2606 530 2678 quoniam
545 2605 636 2665 dubio
650 2607 754 2681 procul
768 2624 831 2664 esse
845 2605 959 2670 videtur

176 2696 360 2769 omniparens
375 2694 479 2753 eadem
493 2714 590 2754 rerum
604 2714 762 2754 commune
777 2697 951 2771 sepulcrum,

176 2803 246 2858 ergo
261 2795 336 2841 terra
349 2786 398 2842 tibi
414 2786 519 2844 libatur
533 2796 562 2845 et
575 2797 661 2844 aucta
674 2787 818 2845 recrescit.
1035 2793 1083 2844 260

217 2874 307 2946 Quod
322 2887 461 2950 superest,
476 2894 579 2934 umore
594 2894 672 2934 novo
687 2894 766 2934 mare
781 2876 899 2935 flumina
911 2877 1007 2935 fontes

177 2982 293 3038 semper
306 2965 454 3023 abundare
470 2977 499 3024 et
512 2967 612 3025 latices
627 2984 745 3023 manare
759 2968 895 3041 perennis

176 3054 217 3111 nil
232 3072 306 3129 opus
321 3066 364 3112 est
377 3056 490 3114 verbis:
514 3075 636 3132 magnus
650 3055 790 3114 decursus
803 3074 943 3131 aquarum

176 3143 308 3219 undique
323 3144 457 3203 declarat.
473 3145 524 3203 sed
539 3125 666 3221 primiim
680 3144 822 3221 quicquid
835 3147 921 3220 aquai

176 3234 285 3292 tollitur
298 3234 328 3291 in
342 3253 513 3310 summaque
528 3236 560 3292 fit
574 3246 605 3293 ut
619 3235 659 3293 nil
674 3254 759 3294 umor
772 3235 912 3308 abundet,
1036 3245 1082 3312 265

177 3324 283 3399 partim
296 3323 378 3399 qnod
391 3325 477 3383 validi
491 3336 636 3384 verrentes
650 3344 779 3400 aequora
790 3327 868 3384 venti

178 3412 345 3474 diminuunt
358 3414 503 3491 radiisque
518 3426 651 3475 retexens
666 3416 811 3476 aetherius
825 3416 877 3491 sol,
