2498 3894
175 187 242 258 lV.]
412 187 467 239 DE
498 186 643 239 RERUM
672 185 843 238 NATURA
1019 188 1075 234 121

172 349 302 424 corporis
316 347 390 406 haec
404 349 543 423 quoniam
557 357 711 423 penetrant
725 366 777 422 per
790 366 854 405 rara
867 348 1004 422 cientque
1031 368 1078 419 730

173 450 289 497 tenvem
303 441 392 497 animi
407 450 538 497 naturam
554 440 631 496 intus
646 457 822 514 sensumque
838 440 992 497 lacessunt.

172 531 335 589 Centauros
350 530 447 604 itaque
461 539 492 589 et
506 530 664 604 Scyllarum
678 530 809 586 membra
823 529 957 588 videmus

172 621 390 694 Cerbereasque
405 638 512 678 canum
526 620 615 677 sacies
629 619 840 693 simulacraque
855 637 957 677 eorum

172 729 298 785 quorum
312 720 404 768 morte
418 710 499 768 obita
512 710 595 767 tellus
610 709 793 782 amplectitur
806 727 891 780 ossn3

172 819 260 859 omne
275 819 366 875 genus
382 800 520 875 quoniam
535 800 642 874 passim
658 799 811 856 simulacra
824 800 963 872 seruntur,
1030 818 1076 872 735

172 891 275 966 partim
290 901 395 965 sponte
410 908 462 947 sua
476 907 550 964 quae
566 890 639 945 fiunt
652 889 718 946 aere
733 889 763 945 in
778 889 853 962 ips0,

171 982 276 1056 partim
291 999 365 1055 quae
380 981 464 1038 variis
478 980 516 1038 ab
529 980 615 1037 rebus
630 996 757 1053 cumque
772 977 917 1036 recedunt

171 1080 202 1128 et
216 1089 290 1145 quae
304 1071 436 1128 confiunt
450 1088 487 1126 ex
502 1070 605 1126 horum
620 1069 696 1126 facta
709 1069 816 1142 figuris,

172 1179 240 1218 narn
255 1171 333 1218 certe
348 1179 385 1217 ex
398 1161 464 1217 vivo
480 1159 618 1218 Centauri
632 1177 693 1216 non
708 1159 740 1215 fit
755 1159 861 1234 imag0,

171 1252 249 1308 nulla
262 1251 314 1308 fuit
329 1251 469 1325 quoniam
482 1251 545 1307 talis
559 1259 661 1306 natura
675 1249 829 1306 animantis
841 1269 849 1321 ;
1029 1271 1077 1318 74⁰

171 1360 270 1399 verum
285 1341 335 1399 ubi
350 1341 418 1415 equi
433 1351 520 1414 atque
536 1340 662 1397 hominis
676 1357 745 1396 casu
761 1340 899 1397 convenit
913 1339 1020 1415 imago,

172 1430 313 1489 haerescit
327 1432 409 1488 facile
425 1430 580 1504 externplo,
596 1429 677 1504 quod
692 1429 817 1486 diximus
832 1439 908 1500 ante,

171 1532 290 1596 propter
303 1522 438 1579 subtilem
452 1531 584 1578 naturam
599 1530 629 1577 et
642 1521 740 1577 tenvia
754 1529 842 1577 texta.

171 1622 269 1670 cetera
282 1610 320 1669 de
334 1630 441 1686 genere
456 1611 514 1668 hoc
528 1610 633 1668 eadem
647 1611 758 1667 ratione
774 1619 916 1669 creantur.

171 1721 246 1778 quae
260 1721 329 1759 cum
343 1703 486 1760 mobiliter
500 1720 613 1759 summa
626 1701 741 1758 levitate
756 1701 893 1772 feruntur,
1030 1723 1059 1769 74
1062 1720 1075 1772 5

171 1803 203 1851 ut
217 1794 295 1868 prius
310 1792 434 1864 ostendi,
449 1793 533 1849 facile
548 1810 607 1850 uno
622 1801 790 1848 commovet
804 1791 864 1848 ictu

157 1883 318 1958 ,quaelibet
332 1884 390 1940 una
403 1883 533 1939 animum
547 1883 633 1939 nobis
648 1882 758 1939 subtilis
773 1881 889 1956 imag03

171 1975 263 2032 tenvis
278 1974 357 2031 enirn
372 1991 456 2030 mens
470 1982 515 2029 est
528 1982 558 2028 et
572 1973 643 2029 mire
659 1972 773 2029 mobilis
788 1972 860 2045 ipsa.
888 2028 889 2031 ,

212 2065 298 2122 Haec
312 2064 380 2125 fieri
388 2074 421 2121 ut
434 2081 576 2134 memoro,
592 2062 674 2118 facile
689 2061 756 2118 hinc
772 2079 951 2136 cognoscere
965 2060 1069 2135 possis

172 2165 315 2229 quatenus
330 2155 388 2212 hoc
402 2153 495 2211 simile
510 2163 554 2210 est
568 2153 615 2222 illi,
631 2151 713 2225 quod
728 2161 826 2209 mente
840 2151 974 2210 videmus
1029 2169 1077 2220 750

172 2255 258 2320 atque
274 2247 375 2316 oculis,
391 2245 476 2302 simili
490 2244 551 2301 fieri
565 2243 677 2300 ratione
692 2260 813 2299 necesse
828 2251 880 2299 est.

171 2354 249 2393 nunc
265 2336 350 2410 igitur
364 2335 453 2393 docui
468 2335 608 2408 quoniam
623 2352 670 2390 me
685 2333 758 2389 forte
773 2333 891 2389 leonem

171 2444 290 2483 cernere
300 2444 354 2501 per
367 2426 530 2496 simulacra,
546 2424 648 2481 oculos
663 2441 868 2497 quaecumque
882 2422 1037 2493 lacessunt,

171 2516 243 2573 scire
257 2516 325 2573 licet
339 2525 468 2573 mentem
483 2515 567 2572 simili
581 2514 693 2571 ratione
709 2513 828 2584 moveri,

171 2624 224 2681 per
237 2606 389 2663 simulacra
401 2606 519 2662 leonem
533 2614 564 2662 et
577 2614 674 2661 cetera
688 2621 764 2678 quae
778 2602 858 2660 videt
872 2619 967 2675 aeque
1029 2617 1075 2671 755

171 2714 226 2754 nec
240 2696 336 2754 minus
350 2706 437 2770 atque
452 2695 537 2767 oculi,
552 2695 608 2752 nisi
622 2694 703 2769 quod
718 2712 802 2768 mage
818 2693 915 2749 tenvia
928 2691 1029 2748 cernit.

171 2804 227 2844 nec
240 2786 352 2843 ratione
367 2785 430 2856 alia,
445 2803 513 2842 curn
528 2803 648 2842 somnus
663 2785 795 2842 membra
809 2781 947 2858 profudit,

173 2894 256 2933 mens
271 2876 360 2933 animi
373 2876 479 2949 vigilat,
494 2876 549 2933 nisi
563 2874 645 2950 quod
659 2875 812 2932 simulacra
825 2873 972 2929 lacessunt

172 2964 245 3023 haec
260 2965 365 3024 eadem
379 2976 492 3025 nostros
507 2966 620 3023 animos
635 2983 710 3040 quae
725 2983 794 3022 curn
807 2962 966 3038 vigilamus,

171 3074 264 3131 usque
279 3055 365 3127 adeo
380 3067 459 3114 certe
474 3049 670 3124 u'tvideamur
684 3073 805 3112 cernere
820 3072 889 3111 eum
904 3069 993 3127 quem
1030 3056 1079 3118 760

171 3147 281 3204 rellicta
294 3147 352 3204 vita
366 3146 423 3204 iam
437 3165 515 3204 mors
530 3156 560 3203 et
573 3156 647 3203 terra
661 3146 790 3220 potitust.

172 3235 230 3294 hoc
244 3235 313 3294 ideo
328 3237 390 3293 fieri
404 3237 483 3311 cogit
497 3245 607 3310 natura,
623 3234 704 3310 quod
719 3252 823 3292 omnes

172 3327 302 3401 corporis
317 3325 414 3384 offecti
428 3333 532 3384 sensus'
544 3343 596 3400 per
610 3325 741 3383 membra
755 3325 910 3399 quiescunt

172 3434 229 3474 nec
243 3425 366 3491 possunt
378 3416 481 3475 falsum
495 3416 569 3473 veris
583 3416 758 3474 convincere
772 3415 869 3473 rebus.
