2498 3894
124 191 176 263 u]
365 192 420 245 or:
448 193 593 246 aaron
621 193 795 248 NATURA
972 195 1028 264 175

124 354 254 429 undique
269 364 298 414 et
312 353 465 414 adversum
479 356 663 416 venientibus
677 376 729 416 ora
742 359 884 433 petebant

123 455 154 503 et
167 464 224 502 nec
238 445 383 520 opinantis
398 464 416 502 a
429 456 510 521 tergo
525 446 708 522 deripiebant
968 470 1030 522 1320

123 534 325 611 deplexaeque
340 536 449 594 dabant
464 539 493 594 in
507 547 613 595 terram
627 539 745 595 volnere
759 538 861 610 victos,

123 627 266 684 morsibus
281 626 393 683 adfixae
407 627 509 686 validis
524 638 613 701 atque
628 629 773 702 unguibus
788 631 879 688 uncis.

112 715 328 790 ¹iactabantque
342 736 409 775 suos
424 719 496 774 tauri
510 717 696 793 pedibusque
711 719 843 777 terebant

123 815 153 864 et
166 807 255 864 latera
268 826 303 863 ac
317 816 431 865 ventres
445 807 599 865 hauribant
614 818 713 882 supter
727 827 869 884 equomm

122 897 259 954 cornibus
274 907 304 954 et
318 907 423 954 terram
437 898 583 954 minitanti
599 898 692 955 fronte
708 901 839 958 ruebant.
964 920 1027 973 13²5

122 996 153 1043 et
166 986 267 1044 validis
281 988 377 1044 socios
392 987 558 1046 caedebant
571 987 707 1047 dentibus
721 990 782 1064 apri

122 1077 181 1133 tela
193 1078 313 1134 infracta
328 1096 381 1135 suo
395 1078 560 1152 tinguentes
575 1080 714 1153 sanguine
730 1080 816 1151 saevi,

122 1166 198 1224 inse
212 1167 302 1224 fracta
316 1185 369 1224 suo
384 1168 548 1241 tinguentes
563 1170 702 1243 sanguine
717 1169 775 1227 tela

122 1258 339 1331 permixtasque
354 1256 464 1315 dabant
477 1259 607 1333 equitum
623 1259 815 1333 peditumque
829 1260 934 1319 ruinas.
955 1295 957 1298 >

121 1365 191 1404 nam
204 1356 364 1405 transversa
379 1348 454 1405 seros
468 1349 586 1406 exibant
601 1348 697 1406 dentis
712 1349 832 1408 adactus
965 1373 974 1406 r
978 1372 1027 1421 330

122 1436 252 1494 iumenta
265 1447 315 1495 aut
328 1438 454 1512 pedibus
468 1448 571 1496 ventos
587 1449 684 1496 erecta
698 1441 847 1513 petebant,

121 1528 311 1602 nequiquam,
326 1529 464 1602 quoniam
478 1530 515 1588 ab
529 1530 624 1587 nervis
639 1530 752 1586 succisa
766 1530 879 1589 videres

122 1618 279 1676 concidere
294 1629 382 1692 atque
396 1620 475 1694 gravi
488 1629 593 1676 terram
608 1630 793 1677 consternere
808 1639 886 1679 casu.

122 1708 220 1781 siquos
235 1719 302 1766 ante
317 1708 398 1766 domi
413 1708 540 1767 domitos
554 1710 623 1766 satis
637 1727 701 1767 esse
716 1711 866 1785 putabant,

122 1798 309 1856 effervescere
324 1799 482 1856 cernebant
496 1800 526 1856 in
540 1800 626 1858 rebus
640 1799 763 1874 agundis
960 1819 1024 1877 1335

121 1890 285 1947 volneribus
299 1890 426 1946 clamore
441 1890 508 1964 suga
523 1899 630 1948 terrore
644 1891 777 1962 tumultu,

121 1997 177 2037 nec
192 1988 326 2054 poterant
340 1980 427 2035 ullam
441 1990 553 2053 partem
567 1979 729 2038 redducere
745 1999 865 2053 eorum;

122 2069 291 2144 diffugiebat
304 2070 383 2126 enim
397 2071 507 2126 varium
522 2088 613 2145 genus
629 2088 718 2128 omne
733 2071 876 2142 feramm;

120 2169 153 2216 ut
167 2178 246 2217 nunc
261 2178 348 2234 saepe
363 2160 453 2217 boves
467 2160 550 2217 lucae
565 2160 640 2217 ferro
655 2161 730 2217 male
744 2172 857 2219 mactae

121 2249 283 2324 diffugiunt,
299 2250 358 2306 fera
372 2250 430 2308 fata
443 2251 501 2307 suis
517 2269 584 2306 cum
600 2251 690 2308 multa
704 2249 826 2308 dedere.
964 2271 1026 2321 1340

122 2337 162 2416 [si
176 2339 228 2397 suit
242 2350 273 2396 ut
288 2340 416 2396 facerent
430 2339 483 2397 sed
497 2340 545 2397 vix
559 2339 691 2397 adducor
705 2349 736 2397 ut
751 2350 819 2397 ante

119 2447 181 2487 non
195 2429 319 2504 quierint
333 2430 431 2487 animo
449 2431 625 2504 praesentire
640 2440 728 2503 atque
743 2429 842 2487 videre

120 2537 210 2594 quam
223 2538 379 2577 commune
395 2521 502 2576 malum
518 2519 599 2576 lieret
613 2520 794 2595 foedumque
810 2521 937 2578 futurum

120 2619 151 2668 et
165 2611 256 2685 magis
270 2609 301 2667 id
315 2611 409 2685 possis
423 2611 531 2667 factum
547 2609 727 2668 contendere
743 2611 773 2668 in
787 2611 869 2668 omni

120 2700 151 2758 in
164 2702 247 2758 variis
261 2700 378 2757 mundis
392 2701 470 2759 varia
482 2701 593 2758 ratione
609 2701 711 2758 creatis
964 2717 1024 2770 1345

120 2808 209 2865 quam
223 2800 305 2848 certo
318 2801 406 2864 atque
421 2808 480 2848 uno
495 2802 634 2847 terrarum
648 2791 780 2865 quolibet
794 2787 873 2867 orbi]

120 2880 174 2939 sed
188 2881 282 2938 facere
296 2880 327 2937 id
341 2899 402 2938 non
416 2890 475 2938 tam
490 2879 627 2937 vincendi
642 2898 694 2955 spe
708 2881 870 2951 voluemnt,

120 2989 209 3045 quam
224 2971 292 3028 dare
308 2970 389 3045 quod
404 2980 554 3045 gemerent
569 2972 677 3041 hosteS,
693 2971 805 3044 ipsique
821 2970 923 3044 perire,

120 3063 172 3136 qui
185 3079 307 3118 numero
322 3059 493 3118 diffidebant
506 3061 651 3134 armisque
665 3061 818 3118 vacabant.

162 3151 273 3208 Nexilis
288 3160 355 3208 ante
369 3150 422 3208 suit
435 3152 522 3208 vestis
537 3169 625 3225 quam
640 3151 737 3208 textile
753 3160 879 3224 tegmen.
964 3168 1026 3221 ¹350

119 3241 218 3300 textile
233 3250 301 3316 post
315 3240 456 3311 serrumst,
472 3243 541 3315 quia
555 3242 630 3298 serro
645 3241 702 3298 tela
716 3251 840 3314 paratur,

119 3350 177 3390 nec
191 3332 303 3388 ratione
318 3330 374 3387 alia
387 3341 510 3405 possunt
524 3341 584 3388 tam
598 3331 672 3387 levia
685 3329 764 3405 gigni

119 3420 214 3480 insilia
226 3440 262 3478 ac
276 3421 332 3478 susi
345 3420 417 3478 radii
432 3421 572 3496 scapique
586 3430 733 3479 sonantes,
