2498 3894
227 249 272 312 44
569 246 800 301 Lucaarrus
1073 246 1129 318 [11.

228 407 282 467 sed
295 408 364 483 quia
376 408 537 482 non'volgo
552 409 632 483 paria
645 409 780 466 omnibus
794 408 893 465 omnia
907 417 1051 467 coustant.

227 516 285 556 nec
299 499 423 570 mirum3
444 517 512 555 nam
529 516 596 555 cum
611 499 647 555 sit
662 517 763 555 eorum
778 499 864 572 copia
877 507 959 555 tanta

227 599 260 648 ut
274 607 370 663 neque
385 588 459 658 linis,
475 589 516 646 uti
530 588 628 660 docui,
643 607 740 663 neque
754 607 869 646 summa
882 589 918 645 sit
932 588 997 660 ulla,

228 679 339 739 debent
352 679 489 736 nimirum
504 697 564 736 non
578 679 713 737 omnibus
728 679 826 736 omnia
840 697 974 754 prorsum
1082 697 1132 749 340

229 789 292 829 esse
307 771 368 845 pari
382 771 431 828 filo
446 769 590 843 similique
605 769 720 827 adiecta
733 770 833 845 figura.

228 862 342 937 praeter
356 869 403 917 eat
416 877 508 934 genus
523 859 684 916 humanum
699 870 854 934 mutaeque
869 867 1003 917 natantes

229 951 442 1026 squamigerum
457 949 588 1025 pecudes
604 960 633 1007 et
647 951 722 1007 laeta
735 960 866 1007 armenta
880 950 1016 1023 feraeque

229 1052 259 1098 et
272 1041 366 1098 variae
380 1041 522 1111 volucres,
537 1040 674 1097 laetantia
687 1058 762 1116 quae
777 1040 842 1097 loca
855 1058 996 1114 aquarum

229 1131 436 1189 concelebrant
450 1131 559 1187 circum
574 1131 652 1205 ripas
666 1131 812 1204 fontisque
826 1131 974 1204 lacusque,
1082 1146 1130 1199 345

229 1231 259 1279 et
273 1239 348 1296 quae
362 1221 532 1296 pervolgant
546 1239 667 1278 nemora
681 1221 744 1277 avia
757 1221 983 1295 pervolitantes;

230 1329 354 1386 quorum
368 1329 459 1367 unum
474 1311 587 1387 quidvis
601 1311 759 1386 generatim
774 1329 888 1369 sumere
902 1329 1001 1387 perge,

229 1401 358 1458 invenies
372 1411 472 1458 tamen
487 1402 561 1459 inter
575 1420 606 1459 se
621 1400 735 1458 differre
749 1401 855 1475 figuris.

229 1509 286 1548 nec
300 1491 412 1548 ratione
427 1492 483 1548 alia
496 1493 592 1566 proles
607 1508 785 1567 cognoscere
801 1501 923 1548 matrem

228 1599 286 1639 nec
300 1590 393 1638 mater
406 1590 506 1655 posset
520 1583 631 1654 prolem
643 1602 652 1653 3
672 1580 753 1656 quod
767 1598 854 1655 posse
868 1580 1004 1640 videmus
1084 1599 1133 1652 350

229 1690 286 1729 nec
300 1672 396 1729 minus
410 1680 498 1746 atque
514 1671 647 1728 homines
661 1671 734 1729 inter
748 1689 778 1728 se
793 1680 864 1728 nota
879 1672 984 1730 cluere.

229 1780 298 1819 nam
312 1779 400 1835 saepe
415 1770 481 1818 ante
496 1760 586 1818 deum
600 1761 703 1819 vitulus
718 1760 839 1819 delubra
853 1761 961 1820 decora

229 1852 397 1910 turicremas
411 1862 531 1927 propter
544 1861 686 1909 mactatus
701 1852 831 1909 concidit
845 1871 908 1910 aras
996 1877 999 1882 ·

230 1942 376 2017 sanguinis
391 1943 525 2016 expirans
539 1941 667 1999 calidum
681 1941 719 1999 de
733 1951 853 2015 pectore
868 1943 995 2015 flumen;

230 2041 260 2090 at
273 2041 366 2090 mater
379 2031 476 2089 viridis
491 2033 578 2089 saltus
594 2032 694 2090 orbata
707 2049 863 2106 peragrans
1084 2050 1132 2103 355

229 2122 326 2180 noscit
340 2122 419 2178 humi
435 2121 559 2196 pedibus
573 2122 694 2196 vestigia
706 2140 805 2196 pressa
818 2122 943 2193 bisulciS,

230 2213 329 2269 omnia
343 2212 498 2269 convisens
513 2213 604 2270 oculis
619 2213 685 2269 loca
698 2213 722 2269 si
737 2222 825 2285 queat
839 2230 963 2287 usquam

231 2303 401 2375 conspicere
416 2302 553 2359 amissum
570 2302 669 2372 letum,
685 2303 872 2377 completque
887 2301 1021 2377 querellis

231 2391 422 2449 frondiferum
436 2410 540 2449 nemus
555 2393 696 2450 absistens
710 2401 740 2449 et
753 2393 854 2449 crebra
867 2393 963 2450 revisit
1044 2434 1053 2443 -

231 2482 270 2538 ad
284 2482 427 2538 stabulum
443 2481 589 2540 desiderio
603 2483 714 2557 perfixa
728 2483 850 2552 iuvenci,
1085 2490 1135 2554 360

231 2589 287 2629 nec
301 2580 417 2629 tenerae
432 2573 533 2630 salices
548 2583 635 2647 atque
650 2573 758 2630 herbae
772 2590 836 2630 rore
851 2572 981 2647 vigentes

231 2662 409 2735 fluminaque
424 2662 471 2719 illa
485 2674 596 2738 queunt
611 2653 732 2721 summis
746 2663 871 2719 labentia
885 2663 954 2737 ripis

232 2753 378 2809 oblectare
393 2753 521 2810 animum
537 2754 720 2827 subitamque
736 2761 862 2810 avertere
878 2771 986 2824 curam,

232 2860 288 2899 nec
302 2842 454 2899 vitulorum
470 2844 542 2900 aliae
558 2844 671 2918 species
686 2861 738 2917 per
752 2843 858 2917 pabula
872 2844 947 2900 laeta

233 2932 360 2989 derivare
376 2943 487 3006 queunt
501 2934 631 2991 animum
646 2951 772 3007 curaque
787 2934 900 2991 levare:
1086 2939 1134 3004 365

232 3041 324 3096 usque
339 3022 415 3080 adeo
431 3024 572 3097 quiddam
586 3025 736 3098 proprium
750 3033 912 3097 notumque
926 3023 1054 3097 requirit.

233 3123 381 3187 praeterea
394 3115 488 3172 teneri
502 3115 632 3172 tremulis
647 3133 715 3172 cum
729 3116 849 3173 vocibus
864 3112 951 3171 haedi

234 3203 396 3277 cornigeras
411 3214 520 3262 norunt
534 3214 638 3262 matres
653 3205 777 3279 agnique
792 3203 901 3278 petulci

233 3294 380 3352 balantum
394 3296 545 3370 pecudes:
569 3297 617 3369 ita,
633 3296 714 3370 quod
728 3305 830 3353 natura
843 3295 981 3370 reposcit,

234 3383 272 3441 ad
287 3405 338 3442 sua
352 3389 475 3461 quisque
490 3389 549 3444 sere
565 3386 722 3444 decurrunt
736 3388 826 3444 ubera
839 3387 929 3444 laetis.
1085 3403 1136 3456 3⁷0

234 3486 382 3550 postremo
396 3477 521 3552 quodvis
535 3478 711 3535 frumentum
726 3495 786 3534 non
801 3487 899 3535 tamen
914 3493 1002 3534 omne
