2498 3894
190 204 241 275 ΙΙ.]
426 207 480 258 DE
506 207 652 260 RERUM
681 209 851 262 NATURA

186 366 334 441 principiis
348 385 443 423 rerum
457 385 676 442 nonnumquam
693 387 780 426 causa
794 369 917 441 colores,

187 457 304 527 occidit,
320 475 357 514 ex
370 458 441 515 albis
456 460 592 532 quoniam
609 477 667 515 non
683 459 747 516 alba
761 470 902 530 creantur,
1040 483 1087 536 790

185 564 241 603 nec
256 565 331 620 quae
346 548 427 622 nigra
440 549 538 605 cluent
552 548 590 606 de
605 548 691 622 nigris
706 548 758 606 sed
773 551 856 607 variis
871 570 916 609 ex.

186 637 294 710 quippe
310 639 419 695 etenim
434 639 524 696 multo
539 639 692 713 proclivius
708 641 873 699 exorientur

185 726 312 784 candida
326 727 363 784 de
378 728 456 785 nullo
471 747 558 803 quam
573 729 654 802 nigro
668 739 736 785 nata
750 730 847 786 colore

185 826 234 872 aut
248 817 304 874 alio
319 819 420 892 quovis
436 819 484 892 qui
500 828 600 875 contra
614 829 724 892 pugnet
738 829 767 876 et
781 821 886 878 obstet.

225 908 377 964 Praeterea
391 909 530 982 quoniam
544 919 694 981 nequeunt
707 909 769 966 sine
783 910 848 968 luce
864 911 976 970 colores
1038 931 1083 985 795

184 1012 247 1054 esse
262 1015 359 1071 neque
373 998 403 1054 in
417 999 513 1055 lucem
528 999 653 1055 existunt
666 999 824 1072 primordia
837 1019 942 1073 rerum,

184 1087 257 1144 scire
271 1088 339 1145 licet
353 1106 442 1163 quarn
456 1089 512 1144 sint
526 1089 604 1145 nullo
619 1088 712 1145 velata
726 1090 834 1146 colore.

184 1177 274 1250 qualis
289 1178 367 1234 enim
382 1178 477 1235 caecis
492 1178 597 1251 poterit
611 1179 692 1235 color
706 1196 769 1235 esse
784 1180 932 1239 tenebris?

182 1267 291 1325 lumine
306 1270 376 1342 quin
391 1269 455 1342 ipso
470 1278 596 1324 mutatur
609 1278 764 1342 propterea
779 1269 861 1342 quod

182 1368 262 1414 recta
275 1368 325 1415 aut
339 1359 458 1432 obliqua
473 1376 625 1432 percussus
640 1359 704 1414 luce
719 1359 859 1433 refulget3

181 1448 281 1521 pluma
295 1448 494 1505 columbarum
509 1466 568 1522 quo
583 1458 670 1522 pacto
685 1449 714 1504 in
729 1449 789 1505 sole
804 1449 927 1520 videtur,

182 1555 256 1611 quae
271 1539 324 1595 sita
338 1539 465 1596 cervices
480 1539 589 1596 circum
604 1539 769 1612 collumque
784 1549 924 1612 coronat;

180 1646 307 1702 namque
322 1629 391 1686 alias
405 1630 437 1685 fit
451 1629 492 1685 uti
506 1629 583 1685 claro
599 1629 635 1686 sit
648 1629 733 1685 rubra
746 1647 868 1704 pyrop0‚

180 1718 327 1776 interdurn
341 1718 471 1793 quodam
486 1737 573 1776 sensu
589 1719 621 1775 fit
636 1719 676 1775 uti
691 1718 822 1776 videatur

180 1809 255 1887 inter
268 1810 407 1866 curalium
421 1809 518 1866 viridis
533 1810 655 1866 miscere
670 1809 849 1883 zmaragdos.

181 1898 333 1974 caudaque
347 1900 479 1974 pavonis
494 1900 571 1974 larga
586 1917 654 1956 cum
664 1899 728 1955 luce
743 1900 853 1973 repleta
867 1908 919 1973 est,

179 1990 323 2049 consimili
336 1999 429 2047 mutat
443 1989 553 2046 ratione
569 1991 691 2047 obversa
705 1990 836 2062 colores;

179 2081 229 2153 qui
244 2081 382 2154 quoniam
397 2080 526 2155 quodam
541 2081 697 2154 gignuntur
710 2080 825 2138 luminis
840 2080 909 2152 ictu,

179 2171 251 2228 scire
265 2171 342 2241 licet,
358 2172 419 2228 sine
435 2189 471 2228 eo
486 2171 547 2227 fieri
562 2189 621 2227 non
637 2189 723 2244 posse
738 2170 901 2244 putandum
918 2181 971 2230 est.

179 2272 209 2317 et
222 2262 361 2336 quoniam
375 2263 477 2336 plagae
492 2260 644 2336 quoddam
658 2279 750 2335 genus
765 2261 872 2334 excipit
886 2262 915 2318 in
930 2280 961 2319 se
1030 2271 1079 2321 διο

178 2353 296 2426 pupula,
311 2370 380 2410 eum
394 2352 499 2410 sentire
514 2351 642 2408 colorem
657 2350 762 2408 dicitur
776 2350 884 2420 album,

178 2451 264 2516 atque
279 2442 357 2500 aliud
371 2460 468 2518 porr0,
482 2442 597 2516 nigrum
611 2460 680 2498 cum
695 2451 724 2498 et
738 2451 835 2497 cetera
849 2442 945 2513 sentit,

176 2549 233 2588 nec
247 2534 333 2590 refert
348 2551 382 2590 ea
396 2550 472 2608 quae
485 2541 587 2606 tangas
602 2550 661 2606 quo
677 2532 749 2588 sorte
764 2531 863 2587 colore

176 2622 307 2696 praedita
320 2624 385 2693 sint,
399 2642 500 2680 verum
514 2623 591 2697 quali
606 2623 696 2696 magis
711 2631 778 2696 apta
792 2622 891 2695 figura,

176 2714 249 2770 scire
263 2714 331 2771 licet
344 2714 384 2770 nil
398 2714 545 2787 principiis
560 2731 634 2786 opus
649 2731 712 2770 esse
727 2712 840 2768 colores

176 2802 228 2860 sed
243 2804 326 2860 variis
340 2804 439 2860 formis
452 2804 594 2860 variantes
609 2802 696 2860 edere
710 2811 814 2860 tactus.

216 2895 368 2950 Praeterea
381 2894 520 2967 quoniam
534 2912 594 2950 non
608 2893 693 2950 certis
708 2902 786 2949 certa
800 2891 896 2966 figuris

176 2991 220 3040 est
233 2993 335 3040 natura
348 2985 453 3040 coloris
467 2994 497 3040 et
511 2984 611 3040 omnia
624 2983 833 3057 principiorum

176 3073 366 3130 formamenta
379 3083 490 3148 queunt
504 3073 534 3130 in
548 3074 650 3146 quovis
665 3091 728 3130 esse
742 3073 845 3142 nitore,

175 3180 227 3220 cur
240 3181 275 3220 ea
289 3181 364 3237 quae
379 3172 513 3220 constant
528 3181 564 3218 ex
579 3163 632 3220 illis
646 3181 707 3220 non
720 3163 826 3236 pariter
839 3171 907 3219 sunt
1027 3170 1076 3219 820

175 3271 263 3310 omne
276 3271 368 3327 genus
382 3253 497 3326 perfusa
511 3252 656 3310 coloribus
670 3253 699 3310 in
713 3270 819 3327 genere
834 3251 937 3310 omni?

175 3343 369 3400 conveniebat
383 3343 459 3398 enim
475 3360 578 3399 corvos
593 3361 710 3417 quoquc
725 3350 813 3417 s'aepe
827 3341 950 3400 volantis

175 3451 212 3492 ex
225 3433 296 3492 albis
309 3431 407 3490 album
420 3433 517 3508 pinnis
531 3433 637 3490 iactare
651 3433 782 3491 colorem
