2498 3894
186 213 227 275 82
520 225 759 280 nuenarius·
1012 225 1085 295 [111.

185 393 256 442 nant
269 384 355 456 oculi,
371 383 481 442 clamor
494 384 634 460 singultus
648 385 739 460 iurgia
752 385 886 461 gliscunt,
1037 396 1087 456 480

184 475 286 532 etiam
302 484 399 533 cetera
414 475 452 533 de
467 494 573 551 genere
588 476 645 533 hoc
661 494 865 568 quaecumque
880 487 1024 550 secuntur,

184 584 236 623 cur
249 584 285 622 ea
299 575 375 636 sunt,
390 566 445 622 nisi
461 566 541 639 quod
555 585 676 624 vemens
690 555 828 668 violentia
840 568 900 624 vini

184 656 358 714 conturbare
373 657 500 712 animam
516 657 666 713 consuevit
680 657 847 730 corporein
862 658 948 732 ipso?
1034 675 1086 741 ἦ
1094 666 1121 748 q
1155 697 1206 751 p,

184 755 214 804 at
228 764 433 820 quaecumque
448 756 559 820 queunt
548 747 762 804 teonturbari
755 765 843 823 mque
858 747 960 822 pediri,

184 836 358 911 significant,
372 836 497 916 paulo'
476 855 499 892 si
514 835 634 894 durior
626 837 777 894 rnsinuarit
1037 845 1146 977 48514,

184 945 281 998 causa,
296 928 357 984 fore
371 937 403 984 ut
417 936 538 1001 pereant
550 945 623 984 aevo
637 928 681 1002 pri
682 898 748 984 iata
761 928 865 986 futur0.
951 889 1096 1003 degsa
1036 952 1069 980 e

184 1017 256 1091 quin
270 1019 357 1074 etiam
371 1018 448 1075 subit
437 1028 467 1075 to
480 1037 509 1074 vr
502 1017 617 1074 morbi
632 1035 720 1091 saepe
735 1027 855 1075 coactus
988 994 1001 1047 (¹

184 1117 251 1164 ante
266 1109 368 1165 oeulos
381 1097 484 1182 aliquis
498 1118 621 1178 nostroS,
636 1115 668 1164 ut
682 1108 828 1167 fulminis
821 1117 890 1179 retu,
1003 1171 1012 1193 b

184 1197 357 1255 conciditet
328 1208 490 1289 etspunras
502 1200 569 1273 agit,
584 1198 705 1286 ingemit
718 1206 748 1255 et
761 1199 857 1255 tremit
871 1207 957 1270 artus,
1005 1158 1108 1257 ld·
1083 1246 1098 1253 ,,

2 1296 27 1330 ’ί
86 1290 106 1303 ”
183 1287 298 1362 desipit,
314 1306 350 1345 ex
351 1299 443 1346 tentat
456 1307 568 1360 nervos
584 1298 743 1363 torquetur,
758 1288 874 1346 anhelat
966 1319 1013 1390 δ
1025 1310 1118 1417 iffi
1160 1320 1171 1369 s

183 1378 391 1449 inconstanter,
407 1389 436 1436 et
449 1380 479 1436 in
494 1378 629 1437 iactando
644 1378 776 1435 membra
789 1378 896 1453 fatigat.
1015 1380 1068 1457 [ἰ

106 1538 109 1543 .
183 1460 320 1525 nimirum
334 1470 404 1543 quia
416 1470 459 1527 vis
474 1469 567 1526 morbi
582 1469 718 1526 distracta
732 1486 785 1543 per
799 1477 876 1526 artus
1035 1464 1131 1505 “lo
1150 1491 1157 1521 r

184 1559 287 1629 turbat,
302 1576 391 1633 agens
405 1548 532 1617 animam
547 1569 670 1634 spumat,
686 1559 768 1633 quasi
783 1559 814 1615 in
828 1576 955 1633 aequore
969 1559 1045 1618 salso
1117 1602 1121 1613 ,

182 1656 336 1705 ventorum
349 1648 451 1706 validis
466 1651 629 1706 fervescunt
642 1649 748 1707 viribus
762 1646 871 1706 undae.

183 1739 350 1812 exprimitur
363 1757 450 1813 porro
464 1740 597 1814 gemitus,
613 1740 681 1813 quia
694 1739 826 1796 membra
840 1737 941 1797 dolore
1035 1758 1083 1813 495

182 1827 357 1885 adficiuntur
370 1838 399 1885 et
414 1830 535 1887 omnino
551 1827 632 1904 quod
647 1829 758 1886 semina
771 1828 853 1886 vocis
1076 1836 1080 1843 “

184 1918 326 1974 eiciuntur
341 1928 370 1976 et
385 1937 435 1976 ore
450 1920 525 1977 foras
539 1920 699 1994 glomerata
713 1920 844 1977 feruntur

182 2026 241 2082 qua
255 2009 337 2082 quasi
351 2019 528 2067 consuerunt
543 2019 573 2067 et
586 2019 652 2066 sunt
666 2010 777 2065 munita
790 2010 856 2066 viai.

183 2096 355 2171 desipientia
368 2099 409 2169 fit,
425 2100 493 2173 quia
505 2100 548 2157 vis
563 2100 650 2157 animi
665 2110 752 2173 atque
767 2100 875 2157 animai

182 2189 369 2246 conturbatur
382 2198 420 2260 et,
435 2199 467 2246 ut
482 2189 579 2261 docui,
595 2190 686 2247 divisa
701 2208 832 2247 seorsum
1022 2209 1085 2266 ι5οο

183 2277 349 2335 disiectatur
360 2279 466 2336 eodem
482 2280 529 2336 illo
545 2279 681 2337 distracta
696 2268 820 2338 veneno

181 2368 250 2425 inde
266 2369 315 2426 ubi
329 2371 386 2426 iarn
401 2370 495 2427 morbi
511 2370 621 2427 reflexit
637 2389 723 2427 causa
737 2370 871 2444 reditque

182 2460 212 2516 in
226 2461 347 2518 latebras
362 2479 429 2517 acer
444 2461 571 2534 corrupti
585 2461 715 2535 corporis
731 2479 823 2532 umor,

182 2561 243 2607 tum
258 2551 341 2624 quasi
354 2551 508 2607 vaccillans
522 2551 648 2624 primum
662 2552 810 2625 consurgit
824 2561 854 2608 et
867 2551 963 2610 omnis

182 2641 319 2714 paulatim
334 2640 430 2698 redit
423 2660 453 2698 rn
467 2659 569 2698 sensus
583 2642 770 2715 animamque
785 2652 924 2743 receptat.
1035 2661 1082 2714 505

182 2730 320 2787 haect
270 2732 320 2805 igit
322 2750 355 2787 ur
368 2739 430 2787 tant
419 2732 454 2788 tis
468 2732 518 2789 ubi
532 2732 640 2789 morbis
655 2750 778 2806 corpore
794 2732 823 2788 in
838 2732 903 2823 ipso

181 2820 324 2876 iactentur
338 2821 506 2895 miserisque
521 2820 615 2878 modis
630 2814 767 2879 distracta
781 2822 923 2892 laborent,
987 2816 1190 2893 W

182 2927 233 2966 cur
247 2909 352 2966 eadem
367 2909 497 2966 credis
476 2929 537 2967 srne
552 2929 674 2985 corpore
688 2912 719 2969 in
733 2911 799 2969 aere
813 2922 916 2986 aperto
1002 2962 1005 2969 .

181 3019 251 3056 curn
264 3000 365 3056 validis
379 3001 471 3057 ventis
486 3011 610 3057 aetatem
626 3000 732 3076 degere
747 3003 856 3076 posse?

182 3099 211 3147 et
225 3090 363 3163 quoniam
379 3100 508 3147 mentem
523 3092 624 3162 sanari,
640 3109 746 3166 corpus
760 3102 792 3149 ut
805 3109 933 3166 aegrum,
1035 3111 1085 3164 510

181 3182 326 3237 cernimus
341 3190 370 3237 et
385 3181 461 3237 flecti
476 3181 623 3238 medicina
636 3200 722 3255 posse
736 3182 878 3253 videmus,

180 3269 212 3327 id
226 3289 344 3344 quoque
360 3272 502 3345 praesagit
516 3272 666 3329 mortalem
680 3273 775 3330 vivere
790 3282 928 3330 mentem.

180 3360 289 3418 addere
305 3362 382 3418 enim
397 3362 483 3435 partis
498 3372 547 3419 aut
562 3362 663 3419 ordine
678 3362 815 3420 traiecere
830 3370 962 3420 aecumst

180 3460 231 3509 aut
244 3451 352 3526 aliquid
366 3470 498 3528 prorsum
513 3451 550 3509 de
565 3470 679 3510 summa
692 3451 843 3510 detrahere
859 3453 959 3524 hilum,
