2498 3894
196 218 263 290 v1.]
436 218 492 271 DE
519 218 664 271 RERUM
693 216 866 271 NATURA
1037 219 1099 283 213

195 381 344 456 multaque
358 389 507 456 praeterea
520 381 620 439 mortis
634 390 696 438 tum
710 381 793 456 signa
806 379 958 454 dabantur,

195 472 361 548 perturbata
375 471 464 528 animi
480 489 563 528 mens
578 471 608 528 in
623 489 753 529 maerore
769 481 918 546 metuque,

195 563 274 620 triste
289 561 484 636 supercilium,
500 561 623 619 furiosus
637 561 731 618 voltus
746 572 776 619 et
789 579 866 633 acer,

196 651 336 710 sollicitae
350 668 437 724 porro
452 651 616 725 plenaeque
631 651 785 708 sonoribus
799 669 892 723 aures,
1039 657 1100 721 1185

196 743 299 799 creber
312 741 491 815 spirituslaut
505 741 606 815 ingens
620 758 743 814 raroque
758 749 886 812 coortus,

196 831 367 904 sudorisque
382 830 505 889 madens
520 849 573 905 per
586 831 694 887 collum
708 829 878 905 splendidus
892 846 986 902 umor,

195 921 294 979 tenvia
309 931 393 994 sputa
407 921 527 992 minuta,
542 921 622 977 croci
635 929 771 980 contacta
785 920 883 977 colore

198 1012 341 1084 salsaque,
356 1029 409 1084 per
422 1011 519 1067 fauces
533 1028 634 1067 raucas
647 1011 696 1067 vix
710 1009 789 1066 edita
803 1010 882 1067 tussi.

198 1101 228 1158 in
243 1101 377 1160 manibus
390 1119 460 1158 vero
474 1100 554 1157 nervi
568 1100 680 1156 trahere
695 1108 725 1156 et
739 1108 862 1156 tremere
877 1107 954 1162 artus
1037 1117 1101 1168 1190

196 1209 214 1247 a
228 1189 411 1265 pedibusque
426 1190 589 1247 minutatim
604 1188 763 1246 succedere
778 1189 865 1263 frigus

196 1298 257 1338 non
272 1280 431 1341 dubitabat.
447 1281 517 1341 item
531 1279 569 1336 ad
584 1297 753 1353 supremum
767 1277 895 1353 denique
910 1286 1026 1352 tempus

196 1388 370 1445 conpressae
385 1388 478 1438 nares,
493 1369 555 1431 nasi
570 1369 701 1444 primoris
719 1385 845 1426 acumen

196 1469 292 1532 tenve,
307 1460 399 1518 cavati
413 1459 499 1530 oculi,
515 1477 585 1516 cava
599 1470 741 1533 tempora,
756 1457 859 1532 frigida
873 1457 955 1532 pellis

191 1550 337 1624 duraque,
352 1552 382 1607 in
397 1567 447 1608 ore
462 1546 553 1607 trucei
567 1549 680 1621 rictum,
696 1549 774 1606 frons
789 1557 869 1606 tenta
883 1547 1023 1608 tumebat.
1038 1561 1100 1621 ¹¹95

196 1659 253 1698 nec
267 1640 358 1698 nimio
372 1639 455 1714 rigidi
469 1649 536 1714 post
550 1649 627 1696 artus
642 1649 735 1696 morte
750 1638 895 1703 iacebant.

197 1742 362 1805 octavoque
377 1731 435 1788 fere
450 1729 589 1787 candenti
603 1729 712 1791 lumine
727 1729 796 1788 solis

197 1832 247 1879 aut
261 1821 348 1878 etiam
363 1838 441 1881 nona
454 1818 618 1877 reddebant
632 1818 767 1893 lampade
782 1819 881 1876 vitam.

198 1929 323 1985 quorum
338 1910 425 1984 siquis
440 1910 497 1967 ibei
511 1910 614 1967 vitarat
627 1909 728 1966 funera
742 1909 801 1979 leti,

198 2001 342 2058 ulceribus
357 1999 452 2056 taetris
467 2008 497 2056 et
511 2000 592 2073 nigra
605 1999 735 2073 proluvie
750 1998 806 2056 alvi
1036 2014 1100 2056 1200

199 2091 342 2165 posterius
357 2099 455 2152 tamen
470 2088 549 2151 hunc
564 2089 646 2147 tabes
660 2089 808 2162 letumque
823 2086 969 2160 manebat,

199 2190 248 2237 aut
264 2180 351 2236 etiam
366 2177 472 2236 multus
488 2179 590 2253 capitis
605 2197 674 2237 cum
689 2196 777 2252 saepe
792 2176 894 2241 dolore

199 2279 350 2343 corruptus
365 2268 480 2342 sanguis
494 2268 615 2341 expletis
629 2268 745 2325 naribus
758 2268 835 2325 ibat:

199 2360 257 2417 huc
271 2358 396 2416 hominis
411 2367 490 2414 totae
504 2358 577 2414 vires
592 2374 757 2430 corpusque
772 2356 889 2419 fluebat.

199 2449 372 2526 profluvium
386 2465 474 2523 porro
487 2447 538 2521 qui
552 2447 636 2503 taetri
651 2446 797 2520 sanguinis
811 2462 877 2505 acre
1042 2459 1103 2517 ¹²05

200 2541 317 2609 exierat,
331 2548 430 2596 tamen
445 2538 475 2595 in
489 2555 592 2594 nervos
607 2536 675 2594 huic
690 2536 808 2593 morbus
823 2544 852 2592 et
866 2543 944 2594 artus

200 2630 260 2688 ibat
274 2638 303 2686 et
317 2629 347 2686 in
360 2628 449 2703 partis
463 2627 595 2702 genitalis
610 2625 740 2699 corporis
755 2625 841 2699 ipsas.
907 2668 910 2677 .

201 2729 231 2777 et
244 2719 365 2794 graviter
379 2718 484 2793 partim
498 2726 662 2778 metuentes
677 2715 778 2773 limina
790 2713 841 2778 leti

201 2810 336 2867 vivebant
350 2810 425 2866 serro
439 2807 541 2883 privati
555 2816 636 2882 parte
650 2805 732 2877 virili,

201 2910 230 2958 et
244 2900 377 2957 manibus
391 2899 453 2956 sine
468 2898 601 2956 nonnulli
615 2897 799 2972 pedibusque
813 2894 971 2958 manebant
1043 2912 1106 2950 raro

201 2991 231 3048 in
245 2991 303 3047 vita
317 3000 424 3061 tamen,
441 2999 469 3046 et
484 2988 649 3063 perdebant
662 2987 772 3045 lumina
786 2986 909 3061 partim:

202 3079 385 3154 usqueadeo
401 3079 500 3137 mortis
515 3088 609 3136 metus
623 3078 668 3135 his
683 3078 841 3135 incesserat
855 3092 932 3133 acer.

201 3180 289 3243 atque
304 3170 392 3227 etiam
406 3168 551 3243 quosdam
565 3185 671 3243 cepere
687 3167 794 3225 oblivia
807 3183 904 3223 rerum

201 3269 379 3329 cunctatam,
394 3276 490 3333 neque
504 3276 536 3316 se
551 3267 671 3333 possent
684 3273 865 3332 cognoscere
880 3264 913 3312 ut
926 3253 990 3330 ipsi.

201 3353 349 3425 multaque
359 3349 440 3407 humi
448 3367 516 3407 cum
524 3348 675 3407 inhumata
681 3348 938 3422 iacerentcorpora
946 3361 1033 3420 supra
1044 3359 1105 3414 1215
