<?xml version="1.0" encoding="UTF-8"?>
<!DOCTYPE html PUBLIC "-//W3C//DTD XHTML 1.0 Transitional//EN"
    "http://www.w3.org/TR/xhtml1/DTD/xhtml1-transitional.dtd">
<html xmlns="http://www.w3.org/1999/xhtml" xml:lang="en" lang="en">
 <head>
  <title>
</title>
<meta http-equiv="Content-Type" content="text/html;charset=utf-8" />
  <meta name='ocr-system' content='tesseract 3.04.00' />
  <meta name='ocr-capabilities' content='ocr_page ocr_carea ocr_par ocr_line ocrx_word'/>
</head>
<body>
  <div class='ocr_page' id='page_1' title='image "./tlucreticarider00kelsgoog_0205.png"; bbox 0 0 2498 3894; ppageno 0'>
   <div class='ocr_carea' id='block_1_1' title="bbox 126 213 1024 286">
    <p class='ocr_par' dir='ltr' id='par_1_1' title="bbox 126 213 1024 286">
     <span class='ocr_line' id='line_1_1' title="bbox 126 213 1024 286; baseline 0 -19"><span class='ocrx_word' id='word_1_1' title='bbox 126 220 186 283; x_wconf 83' lang='lat'>140</span> <span class='ocrx_word' id='word_1_2' title='bbox 458 215 692 270; x_wconf 76' lang='lat' dir='ltr'>turannos</span> <span class='ocrx_word' id='word_1_3' title='bbox 786 252 789 257; x_wconf 82' lang='lat'><em>.</em></span> <span class='ocrx_word' id='word_1_4' title='bbox 973 213 1024 286; x_wconf 89' lang='lat' dir='ltr'>[v.</span> 
     </span>
    </p>
   </div>
   <div class='ocr_carea' id='block_1_2' title="bbox 117 376 1026 3522">
    <p class='ocr_par' dir='ltr' id='par_1_2' title="bbox 118 376 1026 1895">
     <span class='ocr_line' id='line_1_2' title="bbox 120 376 920 454; baseline -0.003 -17"><span class='ocrx_word' id='word_1_5' title='bbox 120 396 244 454; x_wconf 90' lang='lat' dir='ltr'>quorum</span> <span class='ocrx_word' id='word_1_6' title='bbox 257 386 389 435; x_wconf 83' lang='lat' dir='ltr'>naturam</span> <span class='ocrx_word' id='word_1_7' title='bbox 403 377 555 452; x_wconf 85' lang='lat' dir='ltr'>triplicem,</span> <span class='ocrx_word' id='word_1_8' title='bbox 570 376 624 434; x_wconf 89' lang='lat' dir='ltr'>tria</span> <span class='ocrx_word' id='word_1_9' title='bbox 636 393 770 452; x_wconf 84' lang='lat' dir='ltr'>corpora,</span> <span class='ocrx_word' id='word_1_10' title='bbox 785 377 920 449; x_wconf 85' lang='lat' dir='ltr'>Memmi,</span> 
     </span>
     <span class='ocr_line' id='line_1_3' title="bbox 119 467 786 544; baseline -0.004 -17"><span class='ocrx_word' id='word_1_11' title='bbox 119 470 168 527; x_wconf 90' lang='lat' dir='ltr'>tris</span> <span class='ocrx_word' id='word_1_12' title='bbox 182 468 296 544; x_wconf 87' lang='lat' dir='ltr'>species</span> <span class='ocrx_word' id='word_1_13' title='bbox 310 478 370 525; x_wconf 84' lang='lat' dir='ltr'>tam</span> <span class='ocrx_word' id='word_1_14' title='bbox 385 467 538 538; x_wconf 88' lang='lat' dir='ltr'>dissimilis,</span> <span class='ocrx_word' id='word_1_15' title='bbox 552 467 605 525; x_wconf 89' lang='lat' dir='ltr'>tria</span> <span class='ocrx_word' id='word_1_16' title='bbox 619 467 686 524; x_wconf 87' lang='lat' dir='ltr'>talia</span> <span class='ocrx_word' id='word_1_17' title='bbox 700 476 786 537; x_wconf 86' lang='lat' dir='ltr'>texta,</span> 
     </span>
     <span class='ocr_line' id='line_1_4' title="bbox 119 558 1026 632; baseline -0.004 -15"><span class='ocrx_word' id='word_1_18' title='bbox 119 578 178 617; x_wconf 89' lang='lat' dir='ltr'>una</span> <span class='ocrx_word' id='word_1_19' title='bbox 192 559 255 617; x_wconf 92' lang='lat' dir='ltr'>dies</span> <span class='ocrx_word' id='word_1_20' title='bbox 270 558 351 616; x_wconf 88' lang='lat' dir='ltr'>dabit</span> <span class='ocrx_word' id='word_1_21' title='bbox 365 559 463 629; x_wconf 85' lang='lat' dir='ltr'>exitio,</span> <span class='ocrx_word' id='word_1_22' title='bbox 479 558 645 632; x_wconf 89' lang='lat' dir='ltr'>multosque</span> <span class='ocrx_word' id='word_1_23' title='bbox 659 575 713 632; x_wconf 89' lang='lat' dir='ltr'>per</span> <span class='ocrx_word' id='word_1_24' title='bbox 726 575 819 615; x_wconf 86' lang='lat' dir='ltr'>annos</span> <span class='ocrx_word' id='word_1_25' title='bbox 994 573 1026 628; x_wconf 84' lang='lat'>95</span> 
     </span>
     <span class='ocr_line' id='line_1_5' title="bbox 118 646 778 709; baseline -0.005 0"><span class='ocrx_word' id='word_1_26' title='bbox 118 658 278 709; x_wconf 85' lang='lat' dir='ltr'>sustentata</span> <span class='ocrx_word' id='word_1_27' title='bbox 291 657 355 706; x_wconf 90' lang='lat' dir='ltr'>ruet</span> <span class='ocrx_word' id='word_1_28' title='bbox 368 648 460 706; x_wconf 90' lang='lat' dir='ltr'>moles</span> <span class='ocrx_word' id='word_1_29' title='bbox 474 657 503 704; x_wconf 91' lang='lat' dir='ltr'>et</span> <span class='ocrx_word' id='word_1_30' title='bbox 517 648 652 705; x_wconf 88' lang='lat' dir='ltr'>machina</span> <span class='ocrx_word' id='word_1_31' title='bbox 665 646 778 706; x_wconf 88' lang='lat' dir='ltr'>mundi.</span> 
     </span>
     <span class='ocr_line' id='line_1_6' title="bbox 118 736 925 812; baseline -0.004 -15"><span class='ocrx_word' id='word_1_32' title='bbox 118 758 174 797; x_wconf 85' lang='lat' dir='ltr'>neo</span> <span class='ocrx_word' id='word_1_33' title='bbox 188 758 236 797; x_wconf 92' lang='lat' dir='ltr'>me</span> <span class='ocrx_word' id='word_1_34' title='bbox 251 739 339 796; x_wconf 87' lang='lat' dir='ltr'>animi</span> <span class='ocrx_word' id='word_1_35' title='bbox 354 738 422 795; x_wconf 86' lang='lat' dir='ltr'>fallit</span> <span class='ocrx_word' id='word_1_36' title='bbox 436 757 523 812; x_wconf 84' lang='lat' dir='ltr'>quam</span> <span class='ocrx_word' id='word_1_37' title='bbox 537 756 583 794; x_wconf 92' lang='lat' dir='ltr'>res</span> <span class='ocrx_word' id='word_1_38' title='bbox 598 755 675 795; x_wconf 88' lang='lat' dir='ltr'>nova</span> <span class='ocrx_word' id='word_1_39' title='bbox 688 738 819 812; x_wconf 91' lang='lat' dir='ltr'>miraque</span> <span class='ocrx_word' id='word_1_40' title='bbox 833 736 925 796; x_wconf 91' lang='lat' dir='ltr'>menti</span> 
     </span>
     <span class='ocr_line' id='line_1_7' title="bbox 119 826 771 901; baseline -0.005 -14"><span class='ocrx_word' id='word_1_41' title='bbox 119 829 234 887; x_wconf 88' lang='lat' dir='ltr'>accidat</span> <span class='ocrx_word' id='word_1_42' title='bbox 248 829 368 886; x_wconf 84' lang='lat' dir='ltr'>exitium</span> <span class='ocrx_word' id='word_1_43' title='bbox 383 829 455 885; x_wconf 88' lang='lat' dir='ltr'>caeli</span> <span class='ocrx_word' id='word_1_44' title='bbox 469 838 619 901; x_wconf 86' lang='lat' dir='ltr'>terraeque</span> <span class='ocrx_word' id='word_1_45' title='bbox 634 826 771 898; x_wconf 90' lang='lat' dir='ltr'>futurum,</span> 
     </span>
     <span class='ocr_line' id='line_1_8' title="bbox 119 916 867 993; baseline -0.005 -16"><span class='ocrx_word' id='word_1_46' title='bbox 119 929 148 977; x_wconf 91' lang='lat' dir='ltr'>et</span> <span class='ocrx_word' id='word_1_47' title='bbox 162 937 251 993; x_wconf 91' lang='lat' dir='ltr'>quam</span> <span class='ocrx_word' id='word_1_48' title='bbox 266 918 383 975; x_wconf 87' lang='lat' dir='ltr'>difficile</span> <span class='ocrx_word' id='word_1_49' title='bbox 398 917 429 974; x_wconf 92' lang='lat' dir='ltr'>id</span> <span class='ocrx_word' id='word_1_50' title='bbox 444 917 513 974; x_wconf 92' lang='lat' dir='ltr'>mihi</span> <span class='ocrx_word' id='word_1_51' title='bbox 528 918 563 975; x_wconf 91' lang='lat' dir='ltr'>sit</span> <span class='ocrx_word' id='word_1_52' title='bbox 577 917 747 991; x_wconf 89' lang='lat' dir='ltr'>pervincere</span> <span class='ocrx_word' id='word_1_53' title='bbox 762 916 867 990; x_wconf 87' lang='lat' dir='ltr'>dictis;</span> 
     </span>
     <span class='ocr_line' id='line_1_9' title="bbox 118 1007 1026 1082; baseline -0.003 -15"><span class='ocrx_word' id='word_1_54' title='bbox 118 1021 151 1066; x_wconf 93' lang='lat' dir='ltr'>ut</span> <span class='ocrx_word' id='word_1_55' title='bbox 164 1011 197 1067; x_wconf 88' lang='lat' dir='ltr'>fit</span> <span class='ocrx_word' id='word_1_56' title='bbox 210 1009 260 1067; x_wconf 90' lang='lat' dir='ltr'>ubi</span> <span class='ocrx_word' id='word_1_57' title='bbox 274 1008 419 1066; x_wconf 84' lang='lat' dir='ltr'>insolitam</span> <span class='ocrx_word' id='word_1_58' title='bbox 434 1027 496 1065; x_wconf 91' lang='lat' dir='ltr'>rem</span> <span class='ocrx_word' id='word_1_59' title='bbox 511 1007 648 1082; x_wconf 84' lang='lat' dir='ltr'>adportes</span> <span class='ocrx_word' id='word_1_60' title='bbox 663 1007 779 1065; x_wconf 87' lang='lat' dir='ltr'>auribus</span> <span class='ocrx_word' id='word_1_61' title='bbox 794 1017 862 1064; x_wconf 88' lang='lat' dir='ltr'>ante</span> <span class='ocrx_word' id='word_1_62' title='bbox 978 1027 1026 1064; x_wconf 86' lang='lat'>100</span> 
     </span>
     <span class='ocr_line' id='line_1_10' title="bbox 118 1100 870 1175; baseline -0.003 -15"><span class='ocrx_word' id='word_1_63' title='bbox 118 1119 175 1160; x_wconf 93' lang='lat' dir='ltr'>nec</span> <span class='ocrx_word' id='word_1_64' title='bbox 189 1111 288 1160; x_wconf 90' lang='lat' dir='ltr'>tamen</span> <span class='ocrx_word' id='word_1_65' title='bbox 303 1101 379 1158; x_wconf 89' lang='lat' dir='ltr'>hanc</span> <span class='ocrx_word' id='word_1_66' title='bbox 393 1101 486 1175; x_wconf 90' lang='lat' dir='ltr'>possis</span> <span class='ocrx_word' id='word_1_67' title='bbox 501 1101 652 1158; x_wconf 85' lang='lat' dir='ltr'>oculorum</span> <span class='ocrx_word' id='word_1_68' title='bbox 668 1100 793 1158; x_wconf 86' lang='lat' dir='ltr'>subdere</span> <span class='ocrx_word' id='word_1_69' title='bbox 807 1101 870 1158; x_wconf 89' lang='lat' dir='ltr'>visu</span> 
     </span>
     <span class='ocr_line' id='line_1_11' title="bbox 118 1189 837 1264; baseline -0.006 -14"><span class='ocrx_word' id='word_1_70' title='bbox 118 1210 175 1250; x_wconf 87' lang='lat' dir='ltr'>nec</span> <span class='ocrx_word' id='word_1_71' title='bbox 189 1192 283 1250; x_wconf 89' lang='lat' dir='ltr'>iacere</span> <span class='ocrx_word' id='word_1_72' title='bbox 299 1190 369 1249; x_wconf 92' lang='lat' dir='ltr'>indu</span> <span class='ocrx_word' id='word_1_73' title='bbox 384 1209 496 1261; x_wconf 88' lang='lat' dir='ltr'>manns,</span> <span class='ocrx_word' id='word_1_74' title='bbox 510 1191 557 1247; x_wconf 87' lang='lat' dir='ltr'>via</span> <span class='ocrx_word' id='word_1_75' title='bbox 570 1208 628 1264; x_wconf 90' lang='lat' dir='ltr'>qua</span> <span class='ocrx_word' id='word_1_76' title='bbox 643 1191 754 1247; x_wconf 87' lang='lat' dir='ltr'>munita</span> <span class='ocrx_word' id='word_1_77' title='bbox 768 1189 837 1247; x_wconf 87' lang='lat' dir='ltr'>fidei</span> 
     </span>
     <span class='ocr_line' id='line_1_12' title="bbox 118 1281 966 1358; baseline -0.001 -18"><span class='ocrx_word' id='word_1_78' title='bbox 118 1282 251 1358; x_wconf 87' lang='lat' dir='ltr'>proxima</span> <span class='ocrx_word' id='word_1_79' title='bbox 264 1281 319 1339; x_wconf 90' lang='lat' dir='ltr'>fert</span> <span class='ocrx_word' id='word_1_80' title='bbox 334 1281 493 1338; x_wconf 90' lang='lat' dir='ltr'>humanum</span> <span class='ocrx_word' id='word_1_81' title='bbox 507 1281 537 1337; x_wconf 92' lang='lat' dir='ltr'>in</span> <span class='ocrx_word' id='word_1_82' title='bbox 551 1290 655 1355; x_wconf 85' lang='lat' dir='ltr'>pectus</span> <span class='ocrx_word' id='word_1_83' title='bbox 670 1281 837 1355; x_wconf 89' lang='lat' dir='ltr'>templaque</span> <span class='ocrx_word' id='word_1_84' title='bbox 852 1281 966 1339; x_wconf 85' lang='lat' dir='ltr'>mentis.</span> 
     </span>
     <span class='ocr_line' id='line_1_13' title="bbox 119 1370 856 1445; baseline -0.004 -14"><span class='ocrx_word' id='word_1_85' title='bbox 119 1372 172 1431; x_wconf 92' lang='lat' dir='ltr'>sed</span> <span class='ocrx_word' id='word_1_86' title='bbox 186 1381 286 1430; x_wconf 86' lang='lat' dir='ltr'>tamen</span> <span class='ocrx_word' id='word_1_87' title='bbox 300 1371 418 1429; x_wconf 83' lang='lat' dir='ltr'>effabor.</span> <span class='ocrx_word' id='word_1_88' title='bbox 434 1370 520 1428; x_wconf 89' lang='lat' dir='ltr'>dictis</span> <span class='ocrx_word' id='word_1_89' title='bbox 534 1370 615 1429; x_wconf 86' lang='lat' dir='ltr'>dabit</span> <span class='ocrx_word' id='word_1_90' title='bbox 630 1371 692 1445; x_wconf 92' lang='lat' dir='ltr'>ipsa</span> <span class='ocrx_word' id='word_1_91' title='bbox 706 1370 795 1427; x_wconf 87' lang='lat' dir='ltr'>fidem</span> <span class='ocrx_word' id='word_1_92' title='bbox 811 1389 856 1428; x_wconf 90' lang='lat' dir='ltr'>res</span> 
     </span>
     <span class='ocr_line' id='line_1_14' title="bbox 118 1460 1024 1536; baseline -0.004 -16"><span class='ocrx_word' id='word_1_93' title='bbox 118 1462 237 1520; x_wconf 86' lang='lat' dir='ltr'>forsitan</span> <span class='ocrx_word' id='word_1_94' title='bbox 251 1471 281 1520; x_wconf 89' lang='lat' dir='ltr'>et</span> <span class='ocrx_word' id='word_1_95' title='bbox 294 1461 417 1536; x_wconf 87' lang='lat' dir='ltr'>graviter</span> <span class='ocrx_word' id='word_1_96' title='bbox 430 1470 569 1518; x_wconf 90' lang='lat' dir='ltr'>terrarum</span> <span class='ocrx_word' id='word_1_97' title='bbox 584 1460 710 1518; x_wconf 90' lang='lat' dir='ltr'>motibus</span> <span class='ocrx_word' id='word_1_98' title='bbox 725 1461 794 1518; x_wconf 90' lang='lat' dir='ltr'>ortis</span> <span class='ocrx_word' id='word_1_99' title='bbox 979 1477 1024 1532; x_wconf 77' lang='lat'>105</span> 
     </span>
     <span class='ocr_line' id='line_1_15' title="bbox 118 1551 841 1625; baseline -0.004 -14"><span class='ocrx_word' id='word_1_100' title='bbox 118 1553 218 1611; x_wconf 84' lang='lat' dir='ltr'>omnia</span> <span class='ocrx_word' id='word_1_101' title='bbox 232 1552 418 1625; x_wconf 88' lang='lat' dir='ltr'>conquassari</span> <span class='ocrx_word' id='word_1_102' title='bbox 432 1551 462 1608; x_wconf 93' lang='lat' dir='ltr'>in</span> <span class='ocrx_word' id='word_1_103' title='bbox 476 1568 566 1625; x_wconf 86' lang='lat' dir='ltr'>parvo</span> <span class='ocrx_word' id='word_1_104' title='bbox 582 1560 714 1624; x_wconf 88' lang='lat' dir='ltr'>tempore</span> <span class='ocrx_word' id='word_1_105' title='bbox 730 1569 841 1608; x_wconf 86' lang='lat' dir='ltr'>cernes.</span> 
     </span>
     <span class='ocr_line' id='line_1_16' title="bbox 119 1640 876 1718; baseline -0.003 -18"><span class='ocrx_word' id='word_1_106' title='bbox 119 1642 200 1718; x_wconf 92' lang='lat' dir='ltr'>quod</span> <span class='ocrx_word' id='word_1_107' title='bbox 214 1641 317 1716; x_wconf 89' lang='lat' dir='ltr'>procul</span> <span class='ocrx_word' id='word_1_108' title='bbox 331 1641 447 1698; x_wconf 83' lang='lat' dir='ltr'>anobis</span> <span class='ocrx_word' id='word_1_109' title='bbox 461 1640 559 1697; x_wconf 90' lang='lat' dir='ltr'>flectat</span> <span class='ocrx_word' id='word_1_110' title='bbox 573 1640 688 1697; x_wconf 88' lang='lat' dir='ltr'>fortuna</span> <span class='ocrx_word' id='word_1_111' title='bbox 702 1641 876 1714; x_wconf 64' lang='lat' dir='ltr'>gubernans</span> 
     </span>
     <span class='ocr_line' id='line_1_17' title="bbox 118 1729 776 1806; baseline -0.003 -17"><span class='ocrx_word' id='word_1_112' title='bbox 118 1741 149 1789; x_wconf 90' lang='lat' dir='ltr'>et</span> <span class='ocrx_word' id='word_1_113' title='bbox 161 1732 234 1788; x_wconf 86' lang='lat' dir='ltr'>ratio</span> <span class='ocrx_word' id='word_1_114' title='bbox 249 1732 346 1806; x_wconf 89' lang='lat' dir='ltr'>potius</span> <span class='ocrx_word' id='word_1_115' title='bbox 361 1749 449 1805; x_wconf 85' lang='lat' dir='ltr'>quarn</span> <span class='ocrx_word' id='word_1_116' title='bbox 463 1748 509 1788; x_wconf 92' lang='lat' dir='ltr'>res</span> <span class='ocrx_word' id='word_1_117' title='bbox 523 1729 701 1804; x_wconf 85' lang='lat' dir='ltr'>persuadeat</span> <span class='ocrx_word' id='word_1_118' title='bbox 713 1731 776 1804; x_wconf 90' lang='lat' dir='ltr'>ipsa</span> 
     </span>
     <span class='ocr_line' id='line_1_18' title="bbox 119 1820 875 1895; baseline -0.004 -16"><span class='ocrx_word' id='word_1_119' title='bbox 119 1821 269 1880; x_wconf 89' lang='lat' dir='ltr'>succidere</span> <span class='ocrx_word' id='word_1_120' title='bbox 284 1821 435 1879; x_wconf 88' lang='lat' dir='ltr'>horrisono</span> <span class='ocrx_word' id='word_1_121' title='bbox 449 1838 536 1895; x_wconf 90' lang='lat' dir='ltr'>posse</span> <span class='ocrx_word' id='word_1_122' title='bbox 551 1820 650 1878; x_wconf 92' lang='lat' dir='ltr'>omnia</span> <span class='ocrx_word' id='word_1_123' title='bbox 664 1821 740 1877; x_wconf 86' lang='lat' dir='ltr'>victa</span> <span class='ocrx_word' id='word_1_124' title='bbox 753 1822 875 1894; x_wconf 86' lang='lat' dir='ltr'>fragore.</span> 
     </span>
    </p>

    <p class='ocr_par' dir='ltr' id='par_1_3' title="bbox 117 1909 1025 3522">
     <span class='ocr_line' id='line_1_19' title="bbox 160 1909 1025 1988; baseline -0.002 -20"><span class='ocrx_word' id='word_1_125' title='bbox 160 1910 245 1988; x_wconf 88' lang='lat' dir='ltr'>[Qua</span> <span class='ocrx_word' id='word_1_126' title='bbox 259 1912 337 1986; x_wconf 90' lang='lat' dir='ltr'>prius</span> <span class='ocrx_word' id='word_1_127' title='bbox 351 1910 504 1985; x_wconf 86' lang='lat' dir='ltr'>adgrediar</span> <span class='ocrx_word' id='word_1_128' title='bbox 518 1928 606 1984; x_wconf 87' lang='lat' dir='ltr'>quam</span> <span class='ocrx_word' id='word_1_129' title='bbox 621 1909 659 1968; x_wconf 92' lang='lat' dir='ltr'>de</span> <span class='ocrx_word' id='word_1_130' title='bbox 674 1929 705 1968; x_wconf 89' lang='lat' dir='ltr'>re</span> <span class='ocrx_word' id='word_1_131' title='bbox 719 1909 841 1968; x_wconf 89' lang='lat' dir='ltr'>sundere</span> <span class='ocrx_word' id='word_1_132' title='bbox 855 1911 913 1968; x_wconf 87' lang='lat' dir='ltr'>fata</span> <span class='ocrx_word' id='word_1_133' title='bbox 979 1930 1025 1966; x_wconf 89' lang='lat'>110</span> 
     </span>
     <span class='ocr_line' id='line_1_20' title="bbox 119 2001 819 2075; baseline -0.003 -16"><span class='ocrx_word' id='word_1_134' title='bbox 119 2002 244 2059; x_wconf 87' lang='lat' dir='ltr'>sanctius</span> <span class='ocrx_word' id='word_1_135' title='bbox 259 2011 288 2058; x_wconf 89' lang='lat' dir='ltr'>et</span> <span class='ocrx_word' id='word_1_136' title='bbox 301 2002 393 2057; x_wconf 91' lang='lat' dir='ltr'>multo</span> <span class='ocrx_word' id='word_1_137' title='bbox 408 2010 487 2058; x_wconf 88' lang='lat' dir='ltr'>certa</span> <span class='ocrx_word' id='word_1_138' title='bbox 500 2002 611 2057; x_wconf 87' lang='lat' dir='ltr'>ratione</span> <span class='ocrx_word' id='word_1_139' title='bbox 626 2001 717 2075; x_wconf 89' lang='lat' dir='ltr'>magis</span> <span class='ocrx_word' id='word_1_140' title='bbox 732 2019 819 2075; x_wconf 87' lang='lat' dir='ltr'>quam</span> 
     </span>
     <span class='ocr_line' id='line_1_21' title="bbox 119 2090 906 2172; baseline -0.004 -23"><span class='ocrx_word' id='word_1_141' title='bbox 119 2092 221 2166; x_wconf 88' lang='lat' dir='ltr'>Pythia</span> <span class='ocrx_word' id='word_1_142' title='bbox 235 2109 310 2165; x_wconf 86' lang='lat' dir='ltr'>quae</span> <span class='ocrx_word' id='word_1_143' title='bbox 326 2090 440 2165; x_wconf 85' lang='lat' dir='ltr'>tripode</span> <span class='ocrx_word' id='word_1_144' title='bbox 455 2110 473 2147; x_wconf 88' lang='lat' dir='ltr'>a</span> <span class='ocrx_word' id='word_1_145' title='bbox 488 2091 600 2172; x_wconf 82' lang='lat' dir='ltr'>Plroebi</span> <span class='ocrx_word' id='word_1_146' title='bbox 614 2092 754 2165; x_wconf 88' lang='lat' dir='ltr'>lauroque</span> <span class='ocrx_word' id='word_1_147' title='bbox 769 2091 906 2164; x_wconf 90' lang='lat' dir='ltr'>profatur,</span> 
     </span>
     <span class='ocr_line' id='line_1_22' title="bbox 118 2180 796 2267; baseline -0.001 -28"><span class='ocrx_word' id='word_1_148' title='bbox 118 2182 209 2239; x_wconf 86' lang='lat' dir='ltr'>multa</span> <span class='ocrx_word' id='word_1_149' title='bbox 223 2183 273 2240; x_wconf 92' lang='lat' dir='ltr'>tibi</span> <span class='ocrx_word' id='word_1_150' title='bbox 289 2180 443 2255; x_wconf 88' lang='lat' dir='ltr'>expediam</span> <span class='ocrx_word' id='word_1_151' title='bbox 459 2180 553 2238; x_wconf 85' lang='lat' dir='ltr'>doctis</span> <span class='ocrx_word' id='word_1_152' title='bbox 569 2182 678 2238; x_wconf 83' lang='lat' dir='ltr'>solacia</span> <span class='ocrx_word' id='word_1_153' title='bbox 693 2181 796 2267; x_wconf 74' lang='lat' dir='ltr'>dictis5</span> 
     </span>
     <span class='ocr_line' id='line_1_23' title="bbox 117 2271 717 2356; baseline -0.007 -27"><span class='ocrx_word' id='word_1_154' title='bbox 117 2273 256 2348; x_wconf 87' lang='lat' dir='ltr'>religione</span> <span class='ocrx_word' id='word_1_155' title='bbox 271 2272 429 2328; x_wconf 83' lang='lat' dir='ltr'>refrenatus</span> <span class='ocrx_word' id='word_1_156' title='bbox 443 2290 481 2327; x_wconf 91' lang='lat' dir='ltr'>ne</span> <span class='ocrx_word' id='word_1_157' title='bbox 496 2271 569 2328; x_wconf 91' lang='lat' dir='ltr'>forte</span> <span class='ocrx_word' id='word_1_158' title='bbox 583 2273 717 2356; x_wconf 31' lang='lat' dir='ltr'>rearislm,</span> 
     </span>
     <span class='ocr_line' id='line_1_24' title="bbox 118 2360 1022 2445; baseline -0.008 -24"><span class='ocrx_word' id='word_1_159' title='bbox 118 2373 206 2420; x_wconf 83' lang='lat' dir='ltr'>terras</span> <span class='ocrx_word' id='word_1_160' title='bbox 221 2372 250 2419; x_wconf 91' lang='lat' dir='ltr'>et</span> <span class='ocrx_word' id='word_1_161' title='bbox 267 2363 358 2419; x_wconf 90' lang='lat' dir='ltr'>solem</span> <span class='ocrx_word' id='word_1_162' title='bbox 373 2370 402 2417; x_wconf 95' lang='lat' dir='ltr'>et</span> <span class='ocrx_word' id='word_1_163' title='bbox 416 2361 539 2431; x_wconf 88' lang='lat' dir='ltr'>caelum,</span> <span class='ocrx_word' id='word_1_164' title='bbox 556 2379 633 2417; x_wconf 88' lang='lat' dir='ltr'>mare</span> <span class='ocrx_word' id='word_1_165' title='bbox 649 2361 745 2445; x_wconf 59' lang='lat' dir='ltr'>{Laeta</span> <span class='ocrx_word' id='word_1_166' title='bbox 759 2360 865 2431; x_wconf 86' lang='lat' dir='ltr'>lunam,</span> <span class='ocrx_word' id='word_1_167' title='bbox 978 2377 1022 2431; x_wconf 82' lang='lat'>1¹5</span> 
     </span>
     <span class='ocr_line' id='line_1_25' title="bbox 118 2451 751 2527; baseline -0.005 -18"><span class='ocrx_word' id='word_1_168' title='bbox 118 2470 241 2527; x_wconf 90' lang='lat' dir='ltr'>corpore</span> <span class='ocrx_word' id='word_1_169' title='bbox 256 2452 354 2510; x_wconf 89' lang='lat' dir='ltr'>divino</span> <span class='ocrx_word' id='word_1_170' title='bbox 370 2451 477 2509; x_wconf 85' lang='lat' dir='ltr'>debere</span> <span class='ocrx_word' id='word_1_171' title='bbox 493 2461 611 2508; x_wconf 87' lang='lat' dir='ltr'>aeterna</span> <span class='ocrx_word' id='word_1_172' title='bbox 625 2468 751 2522; x_wconf 89' lang='lat' dir='ltr'>manere,</span> 
     </span>
     <span class='ocr_line' id='line_1_26' title="bbox 117 2541 816 2617; baseline -0.001 -19"><span class='ocrx_word' id='word_1_173' title='bbox 117 2552 329 2617; x_wconf 88' lang='lat' dir='ltr'>proptereaque</span> <span class='ocrx_word' id='word_1_174' title='bbox 344 2553 429 2616; x_wconf 88' lang='lat' dir='ltr'>putes</span> <span class='ocrx_word' id='word_1_175' title='bbox 444 2542 498 2599; x_wconf 92' lang='lat' dir='ltr'>ritu</span> <span class='ocrx_word' id='word_1_176' title='bbox 512 2560 565 2616; x_wconf 87' lang='lat' dir='ltr'>par</span> <span class='ocrx_word' id='word_1_177' title='bbox 579 2558 641 2598; x_wconf 89' lang='lat' dir='ltr'>esse</span> <span class='ocrx_word' id='word_1_178' title='bbox 658 2541 816 2615; x_wconf 83' lang='lat' dir='ltr'>Gigantum</span> 
     </span>
     <span class='ocr_line' id='line_1_27' title="bbox 118 2631 867 2707; baseline -0.004 -18"><span class='ocrx_word' id='word_1_179' title='bbox 118 2633 247 2707; x_wconf 92' lang='lat' dir='ltr'>pendere</span> <span class='ocrx_word' id='word_1_180' title='bbox 263 2650 313 2690; x_wconf 90' lang='lat' dir='ltr'>eos</span> <span class='ocrx_word' id='word_1_181' title='bbox 328 2650 438 2707; x_wconf 89' lang='lat' dir='ltr'>poenas</span> <span class='ocrx_word' id='word_1_182' title='bbox 454 2633 563 2689; x_wconf 89' lang='lat' dir='ltr'>inmani</span> <span class='ocrx_word' id='word_1_183' title='bbox 578 2650 631 2706; x_wconf 94' lang='lat' dir='ltr'>pro</span> <span class='ocrx_word' id='word_1_184' title='bbox 647 2632 755 2689; x_wconf 88' lang='lat' dir='ltr'>scelere</span> <span class='ocrx_word' id='word_1_185' title='bbox 772 2631 867 2689; x_wconf 92' lang='lat' dir='ltr'>omnis</span> 
     </span>
     <span class='ocr_line' id='line_1_28' title="bbox 118 2721 787 2796; baseline -0.001 -17"><span class='ocrx_word' id='word_1_186' title='bbox 118 2723 169 2796; x_wconf 89' lang='lat' dir='ltr'>qui</span> <span class='ocrx_word' id='word_1_187' title='bbox 183 2723 293 2779; x_wconf 89' lang='lat' dir='ltr'>ratione</span> <span class='ocrx_word' id='word_1_188' title='bbox 308 2741 360 2779; x_wconf 90' lang='lat' dir='ltr'>sua</span> <span class='ocrx_word' id='word_1_189' title='bbox 375 2721 537 2780; x_wconf 90' lang='lat' dir='ltr'>disturbent</span> <span class='ocrx_word' id='word_1_190' title='bbox 551 2722 669 2779; x_wconf 89' lang='lat' dir='ltr'>moenia</span> <span class='ocrx_word' id='word_1_191' title='bbox 683 2721 787 2779; x_wconf 92' lang='lat' dir='ltr'>mundi</span> 
     </span>
     <span class='ocr_line' id='line_1_29' title="bbox 118 2812 1025 2887; baseline -0.001 -18"><span class='ocrx_word' id='word_1_192' title='bbox 118 2813 356 2887; x_wconf 81' lang='lat' dir='ltr'>praeclarumque</span> <span class='ocrx_word' id='word_1_193' title='bbox 371 2814 460 2870; x_wconf 86' lang='lat' dir='ltr'>velint</span> <span class='ocrx_word' id='word_1_194' title='bbox 475 2813 547 2870; x_wconf 87' lang='lat' dir='ltr'>caeli</span> <span class='ocrx_word' id='word_1_195' title='bbox 561 2813 737 2886; x_wconf 89' lang='lat' dir='ltr'>restinguere</span> <span class='ocrx_word' id='word_1_196' title='bbox 753 2812 845 2870; x_wconf 88' lang='lat' dir='ltr'>solem</span> <span class='ocrx_word' id='word_1_197' title='bbox 978 2832 1025 2868; x_wconf 87' lang='lat' dir='ltr'>rzo</span> 
     </span>
     <span class='ocr_line' id='line_1_30' title="bbox 117 2903 723 2974; baseline -0.002 -15"><span class='ocrx_word' id='word_1_198' title='bbox 117 2903 279 2960; x_wconf 83' lang='lat' dir='ltr'>inmortalia</span> <span class='ocrx_word' id='word_1_199' title='bbox 293 2904 407 2960; x_wconf 86' lang='lat' dir='ltr'>mortali</span> <span class='ocrx_word' id='word_1_200' title='bbox 421 2921 556 2960; x_wconf 88' lang='lat' dir='ltr'>sermone</span> <span class='ocrx_word' id='word_1_201' title='bbox 570 2912 723 2974; x_wconf 81' lang='lat' dir='ltr'>notantes3</span> 
     </span>
     <span class='ocr_line' id='line_1_31' title="bbox 118 2991 917 3068; baseline 0 -20"><span class='ocrx_word' id='word_1_202' title='bbox 118 3011 193 3066; x_wconf 87' lang='lat' dir='ltr'>quae</span> <span class='ocrx_word' id='word_1_203' title='bbox 208 2993 416 3068; x_wconf 88' lang='lat' dir='ltr'>proculusque</span> <span class='ocrx_word' id='word_1_204' title='bbox 431 2993 507 3050; x_wconf 90' lang='lat' dir='ltr'>adeo</span> <span class='ocrx_word' id='word_1_205' title='bbox 522 2992 620 3050; x_wconf 90' lang='lat' dir='ltr'>divino</span> <span class='ocrx_word' id='word_1_206' title='bbox 635 3012 653 3049; x_wconf 92' lang='lat' dir='ltr'>a</span> <span class='ocrx_word' id='word_1_207' title='bbox 667 2993 785 3048; x_wconf 89' lang='lat' dir='ltr'>numine</span> <span class='ocrx_word' id='word_1_208' title='bbox 801 2991 917 3061; x_wconf 90' lang='lat' dir='ltr'>distent,</span> 
     </span>
     <span class='ocr_line' id='line_1_32' title="bbox 118 3081 854 3157; baseline -0.003 -18"><span class='ocrx_word' id='word_1_209' title='bbox 118 3083 206 3156; x_wconf 91' lang='lat' dir='ltr'>inque</span> <span class='ocrx_word' id='word_1_210' title='bbox 221 3082 310 3141; x_wconf 93' lang='lat' dir='ltr'>deum</span> <span class='ocrx_word' id='word_1_211' title='bbox 325 3102 448 3142; x_wconf 92' lang='lat' dir='ltr'>numero</span> <span class='ocrx_word' id='word_1_212' title='bbox 462 3101 537 3157; x_wconf 89' lang='lat' dir='ltr'>quae</span> <span class='ocrx_word' id='word_1_213' title='bbox 553 3083 608 3140; x_wconf 90' lang='lat' dir='ltr'>sint</span> <span class='ocrx_word' id='word_1_214' title='bbox 623 3082 743 3155; x_wconf 86' lang='lat' dir='ltr'>indigna</span> <span class='ocrx_word' id='word_1_215' title='bbox 755 3081 854 3151; x_wconf 89' lang='lat' dir='ltr'>videri,</span> 
     </span>
     <span class='ocr_line' id='line_1_33' title="bbox 117 3174 814 3250; baseline -0.004 -20"><span class='ocrx_word' id='word_1_216' title='bbox 117 3175 249 3231; x_wconf 86' lang='lat' dir='ltr'>notitiam</span> <span class='ocrx_word' id='word_1_217' title='bbox 264 3176 361 3250; x_wconf 90' lang='lat' dir='ltr'>potius</span> <span class='ocrx_word' id='word_1_218' title='bbox 377 3174 516 3248; x_wconf 86' lang='lat' dir='ltr'>praebere</span> <span class='ocrx_word' id='word_1_219' title='bbox 530 3183 562 3229; x_wconf 90' lang='lat' dir='ltr'>ut</span> <span class='ocrx_word' id='word_1_220' title='bbox 575 3190 662 3246; x_wconf 91' lang='lat' dir='ltr'>posse</span> <span class='ocrx_word' id='word_1_221' title='bbox 677 3181 814 3246; x_wconf 88' lang='lat' dir='ltr'>putentur</span> 
     </span>
     <span class='ocr_line' id='line_1_34' title="bbox 118 3263 1022 3338; baseline -0.001 -19"><span class='ocrx_word' id='word_1_222' title='bbox 118 3263 190 3337; x_wconf 86' lang='lat' dir='ltr'>quid</span> <span class='ocrx_word' id='word_1_223' title='bbox 205 3265 240 3321; x_wconf 92' lang='lat' dir='ltr'>sit</span> <span class='ocrx_word' id='word_1_224' title='bbox 254 3266 331 3323; x_wconf 91' lang='lat' dir='ltr'>vitali</span> <span class='ocrx_word' id='word_1_225' title='bbox 347 3275 429 3322; x_wconf 92' lang='lat' dir='ltr'>motu</span> <span class='ocrx_word' id='word_1_226' title='bbox 443 3281 588 3338; x_wconf 92' lang='lat' dir='ltr'>sensuque</span> <span class='ocrx_word' id='word_1_227' title='bbox 604 3272 758 3320; x_wconf 92' lang='lat' dir='ltr'>remotum.</span> <span class='ocrx_word' id='word_1_228' title='bbox 976 3279 1022 3334; x_wconf 78' lang='lat'>¹²5</span> 
     </span>
     <span class='ocr_line' id='line_1_35' title="bbox 118 3353 957 3429; baseline -0.002 -17"><span class='ocrx_word' id='word_1_229' title='bbox 118 3355 228 3429; x_wconf 87' lang='lat' dir='ltr'>quippe</span> <span class='ocrx_word' id='word_1_230' title='bbox 244 3356 352 3412; x_wconf 88' lang='lat' dir='ltr'>etenim</span> <span class='ocrx_word' id='word_1_231' title='bbox 368 3374 426 3413; x_wconf 91' lang='lat' dir='ltr'>non</span> <span class='ocrx_word' id='word_1_232' title='bbox 443 3365 495 3425; x_wconf 80' lang='lat' dir='ltr'>est,</span> <span class='ocrx_word' id='word_1_233' title='bbox 511 3372 579 3410; x_wconf 88' lang='lat' dir='ltr'>cum</span> <span class='ocrx_word' id='word_1_234' title='bbox 593 3353 696 3428; x_wconf 91' lang='lat' dir='ltr'>quovis</span> <span class='ocrx_word' id='word_1_235' title='bbox 711 3370 834 3428; x_wconf 88' lang='lat' dir='ltr'>corpore</span> <span class='ocrx_word' id='word_1_236' title='bbox 848 3361 880 3410; x_wconf 94' lang='lat' dir='ltr'>ut</span> <span class='ocrx_word' id='word_1_237' title='bbox 894 3369 957 3410; x_wconf 91' lang='lat' dir='ltr'>esse</span> 
     </span>
     <span class='ocr_line' id='line_1_36' title="bbox 118 3443 802 3522; baseline -0.004 -19"><span class='ocrx_word' id='word_1_238' title='bbox 118 3463 205 3522; x_wconf 89' lang='lat' dir='ltr'>posse</span> <span class='ocrx_word' id='word_1_239' title='bbox 220 3445 307 3502; x_wconf 89' lang='lat' dir='ltr'>animi</span> <span class='ocrx_word' id='word_1_240' title='bbox 323 3454 424 3503; x_wconf 87' lang='lat' dir='ltr'>natura</span> <span class='ocrx_word' id='word_1_241' title='bbox 439 3456 555 3520; x_wconf 86' lang='lat' dir='ltr'>putetur</span> <span class='ocrx_word' id='word_1_242' title='bbox 569 3443 802 3518; x_wconf 86' lang='lat' dir='ltr'>consiliumque;</span> 
     </span>
    </p>
   </div>
   <div class='ocr_carea' id='block_1_3' title="bbox 0 0 1254 3894">
    <p class='ocr_par' dir='ltr' id='par_1_4' title="bbox 0 0 1254 3894">
     <span class='ocr_line' id='line_1_37' title="bbox 0 0 1254 3894; baseline 0 0"><span class='ocrx_word' id='word_1_243' title='bbox 0 0 1254 3894; x_wconf 95' lang='lat' dir='ltr'> </span> 
     </span>
    </p>
   </div>
  </div>
 </body>
</html>
