2498 3894
771 40 1031 102 ῑιΙῘῗΙΡ-*υ

210 222 251 285 62
545 238 775 293 LUCRETIUS

251 397 403 456 Praeterea
416 398 555 473 quoniam
570 397 654 458 dolor
667 409 712 457 est
725 400 775 457 ubi
789 400 918 459 materiai

209 505 333 562 corpora
346 489 374 545 vi
389 488 516 563 quadam
530 507 583 564 per
596 490 707 546 viscera
719 490 785 547 viva
798 509 851 565 per
864 501 941 550 artus

209 578 361 636 sollicitata
375 579 433 637 suis
448 578 594 652 trepidant
608 579 638 636 in
653 578 770 638 sedibus
784 581 871 652 intus,
1060 590 1108 656 965

208 668 296 742 inque
310 668 409 725 locum
424 668 544 743 quando
558 671 722 744 remigrant‚
737 671 770 728 fit
782 671 890 729 blanda
902 671 1043 747 voluptas,

135 816 139 822 ,
208 759 279 816 scire
294 759 362 816 licet
376 759 454 816 nullo
469 758 628 833 primordia
641 778 727 834 posse
739 759 840 818 dolore

207 849 343 923 temptari
357 850 524 923 nullamque
539 850 718 924 voluptatem
733 868 837 924 capere
852 868 890 907 ex
903 869 955 925 se;

207 938 447 1013 quandoquidem
462 957 524 996 non
539 948 606 997 sunt
620 958 657 997 ex
670 940 732 997 ullis
747 941 953 1014 principiorum

207 1030 385 1103 corporibus,
400 1047 524 1103 quorum
538 1039 635 1086 motus
650 1030 777 1087 novitate
791 1031 923 1088 laborent
1061 1055 1109 1106 970

206 1128 256 1176 aut
270 1120 396 1193 aliquem
410 1119 535 1177 fructum
550 1121 667 1194 capiant
681 1118 843 1178 dulcedinis
857 1121 959 1194 almae,

205 1208 275 1266 haut
289 1209 374 1284 igitur
388 1208 498 1267 debent
513 1227 576 1267 esse
592 1210 650 1267 ullo
665 1210 796 1284 praedita
811 1228 907 1270 sensu.

246 1301 382 1374 Denique
396 1301 439 1357 uti
451 1300 564 1374 possint
577 1300 682 1357 sentire
696 1300 830 1358 animalia
843 1319 986 1376 quaeque,

204 1391 352 1465 principiis
367 1391 390 1447 si
404 1391 462 1447 iam
476 1399 520 1447 est
534 1407 634 1447 sensus
650 1389 819 1447 tribuendus
834 1408 946 1463 eorum,

204 1480 285 1554 quid,
293 1499 384 1555 genus
397 1480 556 1537 humanum
567 1472 718 1554 propritim
730 1479 768 1537 de
778 1480 878 1554 quibu'
888 1481 1044 1540 factumst?
1057 1499 1104 1555 975

203 1571 314 1628 scilicet
328 1580 357 1628 et
370 1571 427 1627 risu
441 1570 563 1627 tremulo
578 1587 722 1627 concussa
735 1570 913 1629 cachinnant
953 1626 957 1633 .

203 1669 233 1718 et
246 1661 370 1718 lacrimis
384 1669 521 1734 spargunt
535 1660 697 1717 rorantibus
713 1678 764 1717 ora
777 1678 925 1735 genasque

202 1750 350 1824 multaque
365 1749 403 1807 de
418 1768 513 1807 rerum
528 1750 650 1806 mixtura
666 1749 764 1808 dicere
780 1751 885 1809 callent

202 1849 232 1897 et
245 1840 298 1898 sibi
313 1858 454 1915 proporro
468 1858 542 1914 quae
558 1841 614 1897 sint
628 1840 786 1914 primordia
800 1851 961 1916 quaemnt3

201 1930 442 2004 quandoquidem
456 1931 523 1988 totis
538 1930 706 1988 mortalibus
721 1930 894 1988 adsimulata
1053 1941 1104 2005 980

201 2020 264 2095 ipsa
278 2039 395 2096 quoque
410 2039 447 2078 ex
461 2021 521 2078 aliis
536 2020 646 2078 debent
660 2030 793 2079 constare
808 2023 967 2093 elementis,

200 2111 269 2168 inde
284 2112 339 2168 alia
353 2130 389 2169 ex
403 2112 473 2182 aliis,
488 2129 632 2185 nusquam
647 2112 805 2169 consistere
819 2122 852 2168 ut
866 2112 961 2170 ausis:
1048 2118 1058 2146 '³

201 2201 310 2276 quippe
325 2220 436 2276 sequar,
452 2201 660 2276 quodcumque
676 2202 756 2276 loqui
769 2201 923 2276 ridereque
937 2202 1017 2259 dices

200 2301 230 2348 et
244 2310 354 2367 sapere,
370 2310 407 2349 ex
421 2293 481 2350 aliis
496 2292 599 2350 eadem
616 2292 689 2348 haec
704 2292 876 2350 facientibus
890 2303 922 2349 ut
936 2294 981 2350 sit.

200 2382 281 2456 quod
295 2384 319 2440 si
334 2383 423 2440 delira
437 2383 510 2440 haec
523 2383 687 2456 furiosaque
702 2383 848 2440 cernimus
862 2400 927 2440 esse
1052 2390 1099 2454 985

201 2483 230 2530 et
243 2472 336 2530 ridere
351 2482 448 2548 potest
461 2491 522 2530 non
536 2491 573 2530 ex
585 2472 741 2530 ridentibu'
756 2474 848 2530 factus

200 2573 230 2619 et
244 2581 344 2637 sapere
359 2573 388 2620 et
402 2562 496 2620 doctis
510 2563 651 2620 rationem
665 2561 790 2620 reddere
805 2561 891 2620 dictis

199 2670 260 2709 non
274 2671 311 2709 ex
325 2653 483 2710 seminibus
497 2653 674 2727 sapientibus
688 2663 776 2726 atque
791 2651 913 2723 disertis

199 2742 249 2816 qui
263 2743 359 2800 minus
374 2760 436 2800 esse
451 2752 560 2816 queant
574 2760 609 2799 ea
623 2760 697 2816 quae
712 2743 817 2801 sentire
828 2741 961 2800 videmus

199 2832 357 2890 seminibus
371 2833 513 2906 permixta
526 2833 690 2891 carentibus
703 2832 833 2907 undique
848 2834 957 2890 sensu?
1050 2853 1101 2903 990

239 2922 374 2996 Denique
389 2922 506 2980 caelesti
520 2940 619 2979 sumus
633 2940 736 2979 omnes
750 2923 861 2980 semine
876 2921 1010 2992 oriundi3

198 3011 334 3068 omnibus
348 3012 394 3068 ille
409 3011 488 3069 idem
503 3022 585 3086 pater
598 3020 651 3082 est,
667 3011 745 3068 unde
760 3011 836 3068 alma
849 3012 986 3086 liquentis

197 3101 306 3158 umoris
320 3111 413 3175 guttas
428 3111 520 3159 mater
533 3120 600 3159 cum
615 3111 689 3158 terra
702 3101 822 3176 recepit,

197 3190 256 3248 seta
270 3191 344 3265 parit
357 3191 462 3249 nitidas
478 3192 572 3266 fruges
587 3191 761 3265 arbustaque
776 3191 852 3248 laeta

198 3291 227 3338 et
241 3299 332 3356 genus
347 3281 516 3353 humanum,
532 3282 606 3356 parit
619 3281 718 3340 omnia
732 3282 827 3339 saecla
840 3281 974 3348 serarum,
1049 3299 1098 3353 995

197 3371 303 3446 pabula
316 3391 384 3428 cum
398 3372 518 3446 praebet
532 3372 637 3447 quibus
651 3390 754 3429 omnes
768 3389 893 3446 corpora
906 3379 1030 3446 pascunt

198 3471 228 3519 et
241 3461 357 3520 dulcem
371 3462 482 3521 ducunt
495 3462 582 3520 vitam
596 3463 767 3539 prolemque
782 3472 963 3539 propagant;
