2498 3894
157 192 222 263 IV.]
397 193 452 246 DE
478 194 625 247 RERUM
653 194 824 247 NATURA
999 194 1055 259 105

154 351 285 428 undique
299 353 341 410 uti
355 353 489 412 tenebras
504 353 598 410 omnis
613 352 780 411 Acherunta
793 353 881 411 rearis
1013 374 1059 419 170
1153 351 1155 355 ’

67 493 75 506 .
154 443 270 518 liquisse
284 453 314 501 et
328 462 447 519 magnas
461 444 534 500 caeli
549 444 712 518 complesse
726 462 874 503 cavernas,

153 552 246 608 usque
261 533 337 592 adeo
352 545 444 591 taetra
457 535 622 591 nimborum
637 545 724 591 nocte
739 545 841 592 coorta

152 624 316 699 inpendent
330 634 407 682 atrae
422 624 584 681 formidinis
598 643 649 681 ora
663 643 806 698 supeme;

154 731 279 788 quorum
294 715 433 789 quantula
446 732 511 789 pars
526 716 563 771 sit
578 715 673 788 imago
688 714 786 772 dicere
801 723 919 774 nemost

153 805 204 879 qui
218 805 309 879 possit
322 823 419 879 neque
434 822 499 861 earn
513 805 654 861 rationem
669 804 792 862 reddere
807 805 901 863 dictis.
1012 822 1057 876 175

105 924 108 931 ·
194 897 283 952 Nunc
297 913 360 970 age,
376 913 464 969 quam
479 896 566 951 celeri
580 905 662 952 motu
678 896 830 952 simulacra
843 896 971 952 serantur

153 995 184 1044 et
197 1003 272 1060 quae
286 986 431 1044 mobilitas
445 986 508 1043 ollis
522 985 701 1042 tranantibus
715 1004 798 1042 auras

153 1076 268 1134 reddita
281 1077 325 1147 sit,
340 1076 428 1150 longo
443 1077 536 1150 spatio
551 1085 583 1133 ut
596 1076 690 1133 brevis
705 1075 776 1132 hora
790 1085 906 1147 teratur,

153 1167 184 1224 in
198 1185 286 1241 quem
301 1185 435 1241 quaeque
449 1167 547 1223 locum
562 1165 676 1223 diverso
690 1167 809 1224 nomine
825 1165 959 1238 tendunt,

154 1257 307 1315 suavidicis
321 1257 417 1332 potius
431 1274 518 1330 quam
534 1257 630 1313 multis
644 1258 773 1314 versibus
788 1256 894 1330 edam;
1011 1263 1058 1313 180

153 1365 257 1422 parvus
271 1357 303 1404 ut
317 1357 360 1404 est
374 1348 459 1422 cycni
473 1347 576 1403 melior
589 1364 688 1417 canor,
703 1347 749 1402 ille
763 1365 866 1421 gruum
880 1365 969 1421 quarn

154 1437 263 1495 clamor
276 1439 305 1494 iu
321 1433 453 1495 aetheriis
468 1437 613 1511 dispersus
628 1438 753 1495 nubibus
768 1438 864 1496 austri.

153 1529 297 1603 principio
310 1546 450 1603 persaepe
465 1528 534 1585 levis
548 1547 594 1585 res
608 1537 695 1602 atque
710 1528 827 1585 minutis

154 1620 324 1694 corporibus
338 1619 427 1676 factas
442 1618 542 1676 celeris
556 1618 625 1675 iicet
639 1636 702 1675 esse
716 1617 825 1675 videre.

154 1709 258 1784 inquo
273 1709 331 1766 iam
345 1727 451 1784 genere
467 1719 510 1766 est
524 1709 591 1765 solis
606 1708 655 1765 lux
669 1718 698 1766 et
712 1726 803 1783 vapor
817 1708 880 1767 eius

154 1809 309 1874 propterea
322 1800 391 1873 quia
405 1809 471 1856 sunt
486 1817 502 1855 e
517 1800 616 1873 primis
631 1799 707 1855 sacta
721 1799 839 1856 minutis

155 1907 230 1963 quae
244 1890 327 1964 quasi
341 1889 486 1947 cuduntur
500 1907 610 1964 perque
626 1890 698 1945 aeris
713 1889 893 1945 intervallum

154 1998 215 2037 non
229 1979 363 2037 dubitant
377 1981 494 2037 transire
509 1980 642 2054 sequenti
657 1980 772 2036 concita
786 1979 879 2053 plaga.

155 2068 356 2145 suppeditatur
369 2071 448 2127 enim
463 2070 615 2126 confestim
629 2069 737 2125 lumine
752 2069 852 2126 lumen

155 2169 186 2218 et
198 2160 280 2234 quasi
293 2160 406 2236 protelo
421 2160 581 2217 stimulatur
594 2159 701 2232 fulgere
716 2159 817 2233 fulgur.

155 2260 333 2326 quapropter
347 2251 498 2308 simulacra
512 2251 573 2324 pari
587 2251 698 2306 ratione
713 2268 833 2307 neccsse
848 2261 892 2307 est

155 2341 373 2399 inmemorabile
388 2358 441 2415 per
454 2341 579 2415 spatium
594 2349 786 2397 transcurrere
802 2358 889 2414 posse

156 2432 294 2507 temporis
308 2432 338 2488 in
352 2441 472 2506 puncto,
486 2431 613 2505 primurn
628 2429 709 2503 quod
723 2400 841 2504 paribla
854 2449 942 2488 causa

156 2532 200 2580 est
213 2521 315 2598 procul
329 2540 346 2579 a
359 2531 439 2596 tergo
454 2539 529 2595 quae
544 2520 684 2595 provehat
698 2531 785 2594 atque
800 2522 950 2595 propellat,

156 2612 238 2688 quod
252 2621 390 2688 superest,
407 2612 455 2669 ubi
470 2621 529 2669 tam
543 2611 651 2668 volucri
666 2611 781 2667 levitate
796 2612 941 2683 ferantur;
1016 2627 1060 2682 195

157 2702 265 2762 deinde
280 2702 362 2777 quod
375 2720 467 2777 usque
482 2701 558 2759 adeo
572 2711 684 2759 textura
698 2700 831 2774 praedita
844 2719 907 2758 rara

157 2795 318 2865 mittuntur,
334 2794 418 2851 facile
432 2803 464 2850 ut
478 2791 592 2867 quasvis
607 2801 759 2865 penetrare
774 2800 882 2864 queant
895 2807 941 2849 res

157 2893 187 2942 et
200 2885 283 2958 quasi
296 2901 465 2959 permanare
479 2901 532 2958 per
546 2882 618 2939 aeris
632 2882 821 2940 intervallum.

157 2984 306 3051 praeterea
319 2974 352 3045 si,
367 2991 441 3048 quae
456 2974 572 3048 penitus
588 2972 761 3047 corpuscula
774 2989 871 3028 rerum

157 3083 195 3124 ex
208 3065 325 3140 altoque
340 3065 415 3122 foras
430 3066 590 3134 mittuntur,
605 3064 673 3120 solis
688 3063 729 3119 uti
744 3062 793 3118 lux

157 3173 192 3214 ac
205 3174 305 3231 vapor,
319 3155 392 3212 haec
406 3164 517 3230 puncto
532 3163 689 3210 cernuntur
702 3153 782 3227 lapsa
796 3151 855 3209 diei

157 3264 211 3322 per
224 3255 317 3304 totum
332 3245 404 3302 caeli
420 3245 543 3320 spatium
560 3242 724 3300 diffundere
738 3261 803 3300 sese

157 3353 268 3412 perque
281 3335 378 3393 volare
391 3353 471 3392 mare
485 3352 520 3392 ac
534 3343 623 3391 terras
638 3333 810 3407 caelumque
824 3332 927 3406 rigare,

158 3424 231 3504 quid
243 3442 319 3504 quae
333 3434 401 3485 sunt
413 3426 498 3501 igitur
511 3425 570 3482 iam
583 3425 678 3499 prima
690 3424 785 3482 fronte
799 3433 909 3498 parata,

182 3658 365 3755 ade,
405 3673 470 3749 'i
529 3731 634 3781 :fin

539 3814 597 3837 ..J

102 3663 154 3755 ,ι
