2498 3894
188 225 232 304 64
524 237 756 293 LUCRETIUS
1032 239 1090 311 [Il.

187 408 237 458 aut
250 399 347 457 minus
360 408 428 457 ante
442 397 525 474 quod
538 399 680 458 auderent
694 400 754 458 fore
769 399 888 458 credere
903 401 1025 476 gentes?

187 491 236 562 nil,
252 499 284 548 ut
298 490 420 564 opinor:
444 490 484 546 ita
498 489 571 546 haec
585 490 699 564 species
712 490 846 548 miranda
859 491 968 551 fuisset.

187 598 275 655 quam
289 581 342 637 tibi
355 580 413 638 iam
428 597 526 651 nemo,
541 580 632 637 fessus
646 580 747 638 satiate
760 580 890 654 videndi,

186 671 334 745 suspicere
348 671 379 727 in
393 670 467 727 caeli
481 669 615 745 dignatur
628 670 726 727 lueida
739 670 868 745 templa!

186 759 288 818 desine
303 770 479 836 quapropter
492 760 620 817 novitate
635 761 786 819 exterritus
800 762 864 836 ipsa
1027 783 1091 831 1040

186 869 313 925 expuere
328 869 365 908 ex
378 851 477 908 animo
491 851 642 920 rationem,
657 849 710 908 sed
724 851 815 926 magis
829 851 890 908 acri

186 940 295 999 iudicio
309 940 461 1016 perpende
477 950 515 1011 et,
530 940 555 998 si
568 939 621 998 tibi
634 959 702 998 vera
715 940 859 1013 videntur,

186 1029 264 1089 dede
278 1050 391 1104 manus,
406 1041 464 1101 aut,
479 1030 503 1088 si
517 1031 619 1087 falsum
633 1039 686 1103 est,
701 1031 854 1105 accingere
870 1040 979 1089 contra.

185 1121 297 1195 quaerit
311 1122 389 1179 enim
404 1122 546 1179 rationem
560 1121 683 1191 animus,
699 1139 767 1178 curn
782 1140 896 1180 summa
909 1122 966 1179 loci
981 1122 1018 1180 sit

184 1211 297 1269 infinita
309 1212 377 1269 foris
391 1212 465 1268 haec
479 1221 559 1268 extra
573 1211 691 1269 moenia
704 1211 815 1283 mundi,
1024 1231 1086 1284 1045

185 1301 256 1376 quid
270 1301 306 1359 sit
319 1301 358 1359 ibi
373 1319 460 1376 porro
475 1319 534 1375 quo
548 1301 714 1376 prospicere
729 1319 822 1377 usque
836 1301 904 1359 velit
917 1320 1001 1360 mens

184 1400 271 1465 atque
286 1391 375 1448 animi
389 1391 480 1449 iactus
494 1391 566 1449 liber
580 1409 640 1465 quo
654 1391 784 1466 pervolet
798 1392 871 1466 ipse.

224 1481 370 1556 Principio
384 1481 469 1539 nobis
483 1481 514 1538 in
527 1492 648 1539 cunctas
662 1481 793 1555 undique
807 1483 896 1557 partis

184 1579 214 1628 et
226 1571 315 1629 latere
329 1589 367 1628 ex
380 1581 503 1645 utroque
519 1589 606 1646 supra
619 1583 776 1646 supterque
790 1590 844 1646 per
857 1590 946 1631 omne

182 1662 261 1718 nulla
274 1670 318 1718 est
332 1661 396 1719 finis
407 1682 416 1734 5
437 1662 479 1718 uti
493 1661 591 1732 docui,
605 1679 651 1719 res
665 1662 787 1736 ipsaque
801 1680 855 1737 per
868 1681 899 1721 se
1024 1682 1087 1735 1050

182 1752 364 1823 vociferatur,
380 1761 409 1809 et
422 1751 517 1809 elucet
531 1760 632 1810 natura
646 1752 794 1827 profundi.

182 1841 262 1899 nullo
276 1842 334 1899 iarn
349 1851 437 1916 pacto
451 1842 511 1899 veri
525 1842 617 1900 simile
632 1860 695 1900 esse
710 1842 910 1918 putandumst,

182 1932 313 2006 undique
328 1951 396 1989 cum
409 1950 526 1989 vorsum
541 1932 666 2007 spatium
680 1943 765 1991 vacet
779 1933 922 1990 infinitum

183 2020 352 2097 seminaque
367 2023 519 2080 innumero
534 2041 656 2080 numero
672 2042 844 2097 summaque
859 2024 1005 2099 profunda

182 2113 360 2170 multimodis
374 2113 494 2170 volitent
508 2123 627 2171 aeterno
641 2113 753 2187 percita
765 2124 857 2184 motu,
1022 2134 1065 2186 105
1069 2134 1083 2186 5

182 2202 260 2261 hunc
274 2223 365 2261 unum
379 2213 517 2261 terrarum
531 2204 633 2261 orbem
648 2204 821 2278 caelumque
836 2215 974 2276 creatum,

181 2293 221 2350 nil
234 2312 320 2368 agere
334 2294 382 2351 illa
395 2294 463 2352 foris
477 2302 521 2351 tot
535 2311 659 2367 corpora
672 2295 802 2351 materiai
813 2315 821 2368 5

181 2401 249 2441 cum
263 2385 432 2458 praesertim
446 2384 494 2440 hic
508 2384 544 2440 sit
557 2393 659 2440 natura
673 2384 774 2456 factus,
789 2394 821 2442 ut
835 2385 898 2460 ipsa

181 2484 285 2549 sponte
300 2492 352 2531 sua
366 2474 438 2531 forte
454 2473 625 2532 offensando
639 2475 752 2532 semina
765 2493 870 2546 rerum,

180 2563 360 2622 multimodis
375 2573 484 2622 temere
499 2564 528 2621 in
542 2582 656 2622 cassum
672 2565 832 2640 frustraque
847 2575 951 2623 coacta
1021 2571 1084 2622 1060

179 2654 299 2712 tandem
314 2655 445 2712 colarunt
460 2673 583 2729 eaquae
599 2658 733 2715 coniecta
746 2667 867 2732 repente

180 2763 350 2819 magnarum
364 2763 460 2802 rerum
474 2746 577 2804 fierent
592 2747 710 2805 exordia
725 2767 848 2822 semper,

180 2835 263 2891 terrai
278 2835 363 2892 maris
377 2845 407 2891 et
421 2836 494 2892 caeli
508 2838 680 2913 generisque
696 2838 885 2895 animantum.

179 2941 268 2997 quare
283 2925 370 2982 etiam
384 2935 471 2999 atque
486 2927 574 2984 etiam
590 2929 652 2985 talis
668 2929 773 2985 fateare
788 2944 909 2985 necesse
925 2936 969 2984 est

179 3031 243 3071 esse
257 3016 328 3072 alios
343 3016 410 3073 alibi
424 3035 596 3092 congressus
611 3019 747 3089 materiai,
1019 3026 1081 3089 1065

179 3105 271 3180 qualis
285 3106 332 3162 hic
347 3114 399 3178 est,
414 3107 501 3165 avido
516 3108 671 3182 complexu
686 3127 775 3182 quem
789 3117 870 3166 tenet
883 3107 992 3167 aether.

219 3195 371 3254 Praeterea
385 3216 453 3254 cum
469 3199 602 3256 materies
618 3208 661 3256 est
675 3199 765 3256 multa
779 3209 887 3273 parata,

178 3303 247 3343 curn
260 3288 342 3345 locus
357 3296 401 3345 est
414 3298 530 3363 praesto
545 3307 602 3356 nec
615 3307 660 3346 res
675 3307 731 3346 nec
746 3308 833 3347 causa
846 3300 975 3347 moratur

178 3377 243 3446 ulla,
258 3380 319 3453 geri
334 3378 444 3436 debent
458 3379 591 3435 nimirum
607 3389 636 3436 et
650 3379 771 3437 confieri
784 3397 837 3438 res

178 3485 257 3526 nunc
272 3481 301 3526 et
315 3469 474 3528 seminibus
488 3469 510 3527 si
525 3479 604 3526 tanta
617 3479 661 3527 est
675 3470 761 3545 copia
774 3479 914 3544 quantam
1018 3491 1080 3537 1070
