2498 3894
110 38 148 67 κ,

22 38 62 111 (ιι
109 62 189 95 ⁸⁸³¹

67 186 70 191 ’
140 211 201 288 148
472 221 704 275 rueramus
989 219 1041 290 [v.

200 56 333 95 :titul
381 54 532 85 ‚·t:..··
604 48 636 77 ·''
684 42 693 57 ”

136 384 207 441 haut
220 383 305 458 igitur
317 383 367 440 leti
381 383 531 457 praeclusa
545 391 590 440 est
604 381 691 440 ianua
704 381 788 440 caelo

135 491 192 532 nec
206 473 260 531 soli
274 482 425 548 terraeque
439 491 537 548 neque
551 473 615 530 altis
628 473 764 547 aequoris
778 471 874 546 undiS,

135 563 188 622 sed
202 572 283 638 patet
297 563 416 620 immani
430 573 460 619 et
473 572 554 620 vasto
568 572 714 637 respectat
728 562 817 621 hiatu.
993 580 1042 633 375

135 671 224 728 quare
238 653 327 710 etiam
340 653 437 710 nativa
450 663 631 710 necessumst
645 653 803 711 confiteare

135 743 209 801 haec
224 743 348 815 eadem3
369 760 466 816 neque
482 744 570 809 enim,
585 743 698 800 mortali
712 761 836 817 corpore
849 760 926 817 quae
939 751 1016 814 sunt,

136 852 173 891 ex
187 834 300 891 infinito
315 833 372 890 iam
388 843 520 908 ternpore
535 832 633 890 adhuc
647 833 811 907 potuissent

135 923 260 982 inmensi
274 922 382 980 validas
397 922 460 979 aevi
474 932 664 981 contemnere
679 923 762 980 vires.

177 1012 314 1086 Denique
329 1023 482 1086 tantopere
497 1012 572 1069 inter
586 1030 617 1069 se
632 1031 701 1068 curn
715 1011 843 1069 maxima
856 1009 960 1068 mundi
994 1019 1044 1080 380

135 1112 266 1177 pugnent
280 1102 420 1171 membra,
436 1102 488 1176 pio
502 1119 688 1176 nequaquam
703 1101 821 1158 concita
835 1101 922 1174 bello,

135 1210 234 1249 nonne
249 1190 331 1248 vides
346 1191 473 1264 aliquam
486 1191 565 1266 longi
580 1192 745 1248 certaminis
760 1191 823 1248 ollis

135 1299 223 1356 posse
237 1280 300 1339 dari
315 1281 424 1340 finem?
444 1281 489 1338 vel
504 1299 572 1338 curn
587 1280 631 1338 sol
645 1290 675 1339 et
688 1299 780 1355 vapor
793 1281 889 1339 omnis

136 1372 272 1429 omnibus
287 1372 382 1446 epotis
396 1372 545 1430 umoribus
560 1372 777 1446 exsuperarint:

136 1461 219 1536 quod
227 1463 321 1519 facere
330 1461 493 1532 intendunt,
500 1480 596 1536 neque
604 1462 701 1519 adhuc
708 1470 813 1519 conata
820 1466 1043 1536 patrantur2385

136 1562 250 1631 tanturn
265 1552 454 1626 suppeditant
468 1571 569 1610 amnes
584 1552 714 1625 ultraque
729 1552 875 1609 minantur

62 1680 66 1689 ·
136 1637 236 1699 ornhia
251 1640 389 1698 diluviare
405 1659 441 1699 ex
455 1642 514 1698 alto
528 1641 641 1716 gurgite
655 1642 748 1715 ponti,

136 1734 325 1806 nequiquam,
341 1733 480 1806 quoniam
494 1742 640 1789 verrentes
655 1750 782 1806 aequora
794 1733 874 1792 venti

137 1821 312 1880 deminuunt
325 1822 471 1896 radiisque
485 1833 619 1880 retexens
634 1822 778 1880 aetherius
793 1825 846 1896 sol,

137 1923 168 1970 et
181 1913 291 1970 siccare
305 1913 383 1987 prius
397 1913 552 1970 confidunt
565 1913 665 1971 onmia
679 1931 764 1986 posse

138 2021 227 2077 quam
240 2003 335 2076 liquor
349 2004 458 2076 incepti
473 2003 564 2077 possit
579 2004 747 2078 contingere
762 2004 861 2061 finem.

137 2103 250 2149 tanturn
266 2094 406 2166 spirantes
415 2111 517 2166 aequo
532 2094 689 2151 certamine
703 2094 811 2151 bellum

137 2183 250 2256 magnis
265 2183 339 2240 inter
353 2199 383 2240 se
399 2182 537 2241 derebus
552 2201 670 2240 cernere
685 2193 805 2255 certant,

138 2291 207 2329 curn
222 2274 312 2329 semel
327 2274 436 2330 interea
451 2274 534 2332 fuerit
548 2275 729 2348 superantior
743 2275 816 2349 ignis

139 2373 168 2419 et
182 2364 281 2434 semel,
297 2373 328 2420 ut
342 2364 419 2420 lama
433 2374 485 2434 est,
501 2382 585 2421 umor
598 2365 723 2439 regnarit
737 2365 767 2421 in
781 2363 863 2421 arvis,

139 2453 211 2527 ignis
226 2454 304 2510 enim
319 2464 434 2528 superat
448 2464 477 2511 et
491 2454 621 2512 lambens
637 2456 726 2512 multa
741 2454 873 2528 perussit,

76 2560 78 2564 “
139 2524 203 2600 aila
217 2562 284 2600 curn
300 2544 482 2600 Phaethonta
494 2563 584 2619 rapax
597 2546 639 2602 vis
653 2545 720 2616 solis
735 2561 877 2617 equorum

140 2632 256 2690 aethere
271 2634 392 2707 raptavit
406 2643 469 2690 toto
484 2644 631 2708 terrasque
646 2652 698 2708 per
712 2634 816 2691 omnis.

140 2733 170 2779 at
184 2732 265 2796 pater
279 2724 465 2798 omnipotens
481 2725 522 2782 ira
536 2735 599 2782 tum
612 2725 739 2799 percitus
754 2724 813 2780 acri

140 2813 357 2884 magnanimum
373 2815 556 2872 Phaethonta
570 2814 683 2888 repenti
698 2814 822 2871 fulminis
837 2814 895 2870 ictu

141 2900 303 2958 deturbavit
318 2904 400 2976 equis
415 2905 445 2961 in
459 2915 574 2975 terram,
589 2905 691 2978 solque
707 2903 824 2961 cadenti

141 2990 244 3048 obvius
258 3002 404 3050 aeternam
419 2995 552 3068 succepit
566 2993 702 3068 lampada
716 2993 818 3051 mundi

142 3079 337 3155 disiectosque
353 3083 466 3158 redegit
481 3102 572 3158 equos
588 3085 737 3158 iunxitque
752 3083 911 3153 trementis,

142 3169 211 3227 inde
225 3188 310 3228 suum
325 3190 377 3247 per
392 3173 445 3230 iter
459 3175 598 3231 recreavit
613 3183 719 3232 cuncta
733 3174 906 3248 gubernans

142 3260 253 3319 scilicet
266 3272 297 3319 ut
311 3274 423 3320 veteres
437 3265 557 3322 Graium
573 3266 706 3322 cecinere
721 3274 836 3338 poetae.

142 3351 224 3424 quod
238 3353 341 3427 procul
355 3372 373 3411 a
386 3372 454 3410 vera
467 3355 552 3411 nimis
567 3364 609 3411 est
623 3355 734 3411 ratione
747 3353 905 3428 repulsum.

142 3441 217 3516 ignis
232 3443 310 3501 enim
325 3461 459 3518 superare
474 3454 572 3518 potest
585 3445 634 3502 ubi
648 3444 777 3501 materiai
