2498 3894
198 227 267 298 VI.]
437 227 493 279 DE
518 227 665 280 RERUM
692 225 865 280 NATURA
1036 229 1096 277 211

195 396 258 444 turn
272 385 355 444 color
370 395 400 443 et
416 385 504 444 facies
518 385 670 444 hominum
685 385 791 444 distare
805 384 941 445 videntur

194 477 309 552 largiter
323 486 353 534 et
366 477 460 534 morbi
474 478 633 551 generatim
648 477 743 534 saecla
757 486 866 535 tenere.

195 576 238 623 est
253 566 370 641 elephas
385 567 502 625 morbus
517 567 567 640 qui
581 576 701 641 propter
715 567 834 624 flumina
849 567 909 625 Nili

193 657 318 731 gignitur
328 659 461 731 Aegypto
473 658 502 714 in
514 656 611 714 media
621 675 717 730 neque
729 666 878 731 praeterea
889 676 1021 732 usquam.
1034 675 1095 729 1115

193 746 312 804 Atthide
327 757 504 822 temptantur
517 765 630 821 gressus
644 747 780 820 oculique
795 747 825 803 in
838 747 963 806 Achaeis

193 835 307 894 finibus.
323 836 391 893 inde
407 837 467 894 aliis
482 837 553 894 alius
568 837 649 894 locus
664 846 708 893 est
722 837 856 894 inimicus

192 926 321 999 partibus
335 945 370 983 ac
385 927 540 984 membris:
562 928 656 983 varius
671 927 827 983 concinnat
842 926 872 983 id
887 931 945 986 aer.

192 1015 316 1090 proinde
331 1017 381 1073 ubi
396 1035 427 1074 se
442 1018 555 1073 caelum
571 1015 652 1089 quod
665 1016 750 1074 nobis
765 1017 837 1073 forte
852 1017 981 1076 alienum

192 1116 360 1163 commovet
374 1118 462 1179 atque
477 1111 526 1165 aer
539 1106 673 1164 inimicus
688 1123 804 1181 serpere
819 1108 927 1182 coepit,
1032 1127 1095 1164 1120

192 1206 225 1253 ut
238 1196 345 1253 nebula
358 1214 392 1252 ac
406 1196 499 1254 nubes
513 1196 651 1270 paulatim
665 1196 740 1270 repit
754 1205 783 1253 et
797 1214 885 1254 omne

192 1302 250 1358 qua
263 1284 391 1360 graditur
404 1286 559 1343 conturbat
573 1295 602 1343 et
616 1287 769 1343 immutare
784 1295 918 1358 coactat3

190 1375 223 1432 fit
236 1393 354 1449 quoque
368 1385 408 1447 ut,
424 1376 454 1432 in
468 1385 598 1433 nostrum
612 1394 679 1432 cnm
694 1376 773 1435 venit
786 1374 914 1450 denique
928 1375 1051 1449 caelum,

190 1476 356 1540 corrumpat
370 1465 533 1540 reddatque
548 1467 591 1524 sui
607 1466 699 1524 simile
714 1476 802 1540 atque
817 1467 953 1524 alienum.

189 1554 263 1612 haee
277 1556 363 1630 igitur
376 1556 471 1614 subito
486 1556 584 1614 clades
598 1575 675 1614 nova
689 1557 888 1631 pestilitasque
1032 1573 1092 1627 1125

190 1655 240 1702 aut
253 1646 283 1702 in
297 1664 386 1720 aquas
401 1645 480 1703 cadit
494 1656 543 1704 aut
557 1647 652 1722 fruges
667 1646 787 1721 persidit
801 1647 831 1704 in
845 1647 923 1721 ipsas

189 1744 239 1791 aut
252 1735 323 1792 alios
338 1735 491 1794 hominum
505 1746 603 1810 pastus
617 1737 825 1811 pecudumque
841 1737 963 1808 cibatus,

189 1834 239 1881 aut
257 1827 344 1882 etiam
359 1844 500 1900 suspensa
514 1836 612 1884 manet
626 1827 668 1884 vis
682 1830 748 1886 aere
763 1815 792 1884 in
807 1827 873 1902 ipso

189 1923 227 1985 et,
242 1933 310 1971 cunr
324 1915 463 1988 spirantes
479 1916 581 1974 mixtas
596 1916 664 1973 hinc
679 1915 813 1974 ducimus
826 1935 921 1988 auras,

188 2004 236 2061 illa
249 2021 368 2078 quoque
383 2005 413 2062 in
427 2023 533 2079 corpus
547 2006 653 2080 pariter
667 2006 783 2064 sorbere
798 2015 956 2065 necessest.
1028 2025 1092 2077 1130

189 2093 332 2150 consimili
345 2095 456 2152 ratione
470 2096 548 2152 venit
561 2095 656 2153 bubus
671 2113 790 2169 quoque
805 2114 893 2170 saepe

188 2183 327 2258 pestilitas
342 2194 371 2240 et
385 2185 442 2240 iarn
456 2185 543 2258 pigris
556 2184 719 2242 balantibus
733 2203 845 2259 aegror.

188 2290 245 2329 nec
260 2272 345 2329 refert
359 2283 454 2329 utrum
468 2292 522 2330 nos
536 2274 567 2331 in
580 2274 645 2330 loca
659 2273 847 2332 deveniamus

188 2362 274 2420 nobis
289 2361 408 2420 adversa
422 2372 452 2420 et
465 2363 538 2420 caeli
552 2373 697 2421 mutemus
712 2364 861 2437 amictum,

189 2471 227 2510 an
242 2453 355 2509 caelum
369 2453 454 2510 nobis
468 2453 542 2510 ultro
556 2462 658 2510 natura
671 2462 827 2528 coruptum
1030 2470 1091 2524 ยน135

190 2541 302 2600 deferat
315 2552 365 2600 aut
378 2541 488 2617 aliquid
502 2560 563 2616 quo
577 2561 638 2600 non
653 2543 858 2601 consuevimus
871 2542 923 2615 uti,

190 2631 272 2706 quod
286 2650 340 2690 nos
355 2632 482 2689 adventu
496 2633 587 2706 possit
601 2642 743 2707 temptare
757 2633 878 2691 recenti.

231 2726 317 2782 Haec
332 2725 404 2782 ratio
419 2723 569 2799 quondam
584 2725 752 2783 morborum
767 2733 796 2782 et
811 2725 941 2784 mortifer
954 2732 1050 2784 aestus

190 2814 297 2872 finibus
312 2815 342 2871 in
356 2815 498 2889 Cecropis
512 2815 641 2872 funestos
654 2814 784 2872 reddidit
797 2833 881 2890 agros

189 2906 369 2978 vastavitque
384 2905 452 2975 vias,
467 2904 600 2962 exhausit
614 2904 724 2962 civibus
738 2904 849 2964 urbem.
1030 2924 1093 2972 1140

189 3012 259 3051 nam
273 2995 389 3069 penitus
403 2995 523 3052 veniens
537 2995 663 3069 Aegypti
677 2994 781 3056 finibus
795 3003 883 3066 ortus,

190 3084 258 3140 aera
271 3101 443 3158 permensus
456 3085 578 3141 multum
594 3100 773 3158 camposque
788 3083 924 3156 natantis,

190 3173 323 3231 incubuit
336 3173 457 3231 tandem
471 3175 582 3248 populo
597 3172 756 3231 Pandionis
770 3173 879 3246 omnei,

190 3262 260 3320 inde
275 3264 442 3320 catervatim
457 3265 559 3322 morbo
573 3265 718 3338 mortique
733 3261 885 3323 dabantur.

190 3353 336 3428 principio
351 3363 438 3428 caput
452 3354 603 3412 incensum
617 3355 728 3412 fervore
742 3353 884 3428 gerebant
1030 3370 1091 3423 ยน145

185 3445 221 3501 'et
234 3442 360 3519 duplicis
374 3443 477 3502 oculos
492 3443 598 3503 suffusa
611 3444 676 3503 luce
690 3443 835 3503 rubentes
