<?xml version="1.0" encoding="UTF-8"?>
<!DOCTYPE html PUBLIC "-//W3C//DTD XHTML 1.0 Transitional//EN"
    "http://www.w3.org/TR/xhtml1/DTD/xhtml1-transitional.dtd">
<html xmlns="http://www.w3.org/1999/xhtml" xml:lang="en" lang="en">
 <head>
  <title>
</title>
<meta http-equiv="Content-Type" content="text/html;charset=utf-8" />
  <meta name='ocr-system' content='tesseract 3.04.00' />
  <meta name='ocr-capabilities' content='ocr_page ocr_carea ocr_par ocr_line ocrx_word'/>
</head>
<body>
  <div class='ocr_page' id='page_1' title='image "./tlucreticarider00kelsgoog_0279.png"; bbox 0 0 2498 3894; ppageno 0'>
   <div class='ocr_carea' id='block_1_1' title="bbox 138 245 1042 322">
    <p class='ocr_par' dir='ltr' id='par_1_1' title="bbox 138 245 1042 322">
     <span class='ocr_line' id='line_1_1' title="bbox 138 245 1042 322; baseline 0.017 -29"><span class='ocrx_word' id='word_1_1' title='bbox 138 245 204 310; x_wconf 89' lang='lat'><strong>214</strong></span> <span class='ocrx_word' id='word_1_2' title='bbox 474 245 707 303; x_wconf 75' lang='lat' dir='ltr'><strong>rueramus</strong></span> <span class='ocrx_word' id='word_1_3' title='bbox 973 249 1042 322; x_wconf 87' lang='lat' dir='ltr'><strong>[vr.</strong></span> 
     </span>
    </p>
   </div>
   <div class='ocr_carea' id='block_1_2' title="bbox 134 406 911 665">
    <p class='ocr_par' dir='ltr' id='par_1_2' title="bbox 134 406 911 665">
     <span class='ocr_line' id='line_1_2' title="bbox 136 406 911 484; baseline 0.001 -18"><span class='ocrx_word' id='word_1_4' title='bbox 136 406 316 483; x_wconf 87' lang='lat' dir='ltr'>corporibus,</span> <span class='ocrx_word' id='word_1_5' title='bbox 330 415 430 466; x_wconf 91' lang='lat' dir='ltr'><strong>tamen</strong></span> <span class='ocrx_word' id='word_1_6' title='bbox 443 407 563 466; x_wconf 87' lang='lat' dir='ltr'><strong>alituum</strong></span> <span class='ocrx_word' id='word_1_7' title='bbox 577 425 670 484; x_wconf 92' lang='lat' dir='ltr'><strong>genus</strong></span> <span class='ocrx_word' id='word_1_8' title='bbox 683 417 772 484; x_wconf 91' lang='lat' dir='ltr'><strong>atque</strong></span> <span class='ocrx_word' id='word_1_9' title='bbox 786 408 911 468; x_wconf 85' lang='lat' dir='ltr'><strong>ferarum</strong></span> 
     </span>
     <span class='ocr_line' id='line_1_3' title="bbox 135 497 899 573; baseline 0.004 -18"><span class='ocrx_word' id='word_1_10' title='bbox 135 507 185 555; x_wconf 91' lang='lat' dir='ltr'><strong>aut</strong></span> <span class='ocrx_word' id='word_1_11' title='bbox 198 497 301 572; x_wconf 93' lang='lat' dir='ltr'><strong>procul</strong></span> <span class='ocrx_word' id='word_1_12' title='bbox 314 497 473 573; x_wconf 88' lang='lat' dir='ltr'><strong>apsiliebat,</strong></span> <span class='ocrx_word' id='word_1_13' title='bbox 487 507 520 556; x_wconf 92' lang='lat' dir='ltr'><strong>ut</strong></span> <span class='ocrx_word' id='word_1_14' title='bbox 533 516 630 557; x_wconf 88' lang='lat' dir='ltr'><strong>acrem</strong></span> <span class='ocrx_word' id='word_1_15' title='bbox 644 499 753 557; x_wconf 88' lang='lat' dir='ltr'><strong>exeiret</strong></span> <span class='ocrx_word' id='word_1_16' title='bbox 766 497 899 573; x_wconf 87' lang='lat' dir='ltr'><strong>odorem,</strong></span> 
     </span>
     <span class='ocr_line' id='line_1_4' title="bbox 134 587 870 665; baseline 0.005 -21"><span class='ocrx_word' id='word_1_17' title='bbox 134 596 193 659; x_wconf 87' lang='lat' dir='ltr'><strong>aut,</strong></span> <span class='ocrx_word' id='word_1_18' title='bbox 208 587 257 645; x_wconf 94' lang='lat' dir='ltr'><strong>ubi</strong></span> <span class='ocrx_word' id='word_1_19' title='bbox 271 596 405 662; x_wconf 88' lang='lat' dir='ltr'><strong>gustarat,</strong></span> <span class='ocrx_word' id='word_1_20' title='bbox 420 588 575 663; x_wconf 87' lang='lat' dir='ltr'>languebat</span> <span class='ocrx_word' id='word_1_21' title='bbox 588 598 681 647; x_wconf 88' lang='lat' dir='ltr'><strong>morte</strong></span> <span class='ocrx_word' id='word_1_22' title='bbox 696 589 870 665; x_wconf 90' lang='lat' dir='ltr'><strong>propinqua.</strong></span> 
     </span>
    </p>
   </div>
   <div class='ocr_carea' id='block_1_3' title="bbox 51 677 825 737">
    <p class='ocr_par' dir='ltr' id='par_1_3' title="bbox 51 677 825 737">
     <span class='ocr_line' id='line_1_5' title="bbox 51 677 825 737; baseline 0.003 -3"><span class='ocrx_word' id='word_1_23' title='bbox 51 698 57 706; x_wconf 48' lang='lat'>⁵</span> <span class='ocrx_word' id='word_1_24' title='bbox 133 693 190 734; x_wconf 88' lang='lat' dir='ltr'><strong>nec</strong></span> <span class='ocrx_word' id='word_1_25' title='bbox 205 687 303 735; x_wconf 89' lang='lat' dir='ltr'><strong>tamen</strong></span> <span class='ocrx_word' id='word_1_26' title='bbox 317 677 439 735; x_wconf 90' lang='lat' dir='ltr'><strong>omnino</strong></span> <span class='ocrx_word' id='word_1_27' title='bbox 453 688 563 736; x_wconf 87' lang='lat' dir='ltr'><strong>temere</strong></span> <span class='ocrx_word' id='word_1_28' title='bbox 578 679 631 736; x_wconf 92' lang='lat' dir='ltr'><strong>illis</strong></span> <span class='ocrx_word' id='word_1_29' title='bbox 645 679 754 737; x_wconf 89' lang='lat' dir='ltr'><strong>solibus</strong></span> <span class='ocrx_word' id='word_1_30' title='bbox 768 679 825 736; x_wconf 89' lang='lat' dir='ltr'><strong>ulla</strong></span> 
     </span>
    </p>
   </div>
   <div class='ocr_carea' id='block_1_4' title="bbox 119 768 1039 3183">
    <p class='ocr_par' dir='ltr' id='par_1_4' title="bbox 132 768 1039 933">
     <span class='ocr_line' id='line_1_6' title="bbox 133 768 1039 843; baseline 0.004 -20"><span class='ocrx_word' id='word_1_31' title='bbox 133 768 323 843; x_wconf 87' lang='lat' dir='ltr'>comparebat</span> <span class='ocrx_word' id='word_1_32' title='bbox 336 769 406 838; x_wconf 87' lang='lat' dir='ltr'><strong>avis,</strong></span> <span class='ocrx_word' id='word_1_33' title='bbox 420 786 476 826; x_wconf 91' lang='lat' dir='ltr'><strong>nec</strong></span> <span class='ocrx_word' id='word_1_34' title='bbox 491 769 581 826; x_wconf 88' lang='lat' dir='ltr'><strong>tristia</strong></span> <span class='ocrx_word' id='word_1_35' title='bbox 595 769 691 826; x_wconf 88' lang='lat' dir='ltr'><strong>saecla</strong></span> <span class='ocrx_word' id='word_1_36' title='bbox 704 769 829 827; x_wconf 90' lang='lat' dir='ltr'><strong>ferarum</strong></span> <span class='ocrx_word' id='word_1_37' title='bbox 975 790 1039 827; x_wconf 84' lang='lat'>1220</span> 
     </span>
     <span class='ocr_line' id='line_1_7' title="bbox 132 857 830 933; baseline 0.006 -20"><span class='ocrx_word' id='word_1_38' title='bbox 132 857 269 914; x_wconf 83' lang='lat' dir='ltr'><strong>excibant</strong></span> <span class='ocrx_word' id='word_1_39' title='bbox 283 858 368 917; x_wconf 92' lang='lat' dir='ltr'><strong>silvis.</strong></span> <span class='ocrx_word' id='word_1_40' title='bbox 384 859 559 932; x_wconf 84' lang='lat' dir='ltr'>languebant</span> <span class='ocrx_word' id='word_1_41' title='bbox 573 857 710 933; x_wconf 85' lang='lat' dir='ltr'><strong>pleraque</strong></span> <span class='ocrx_word' id='word_1_42' title='bbox 725 859 830 917; x_wconf 90' lang='lat' dir='ltr'><strong>morbo</strong></span> 
     </span>
    </p>

    <p class='ocr_par' dir='ltr' id='par_1_5' title="bbox 132 947 827 1022">
     <span class='ocr_line' id='line_1_8' title="bbox 132 947 827 1022; baseline 0.001 -18"><span class='ocrx_word' id='word_1_43' title='bbox 132 956 162 1004; x_wconf 91' lang='lat' dir='ltr'><strong>et</strong></span> <span class='ocrx_word' id='word_1_44' title='bbox 176 948 381 1007; x_wconf 88' lang='lat' dir='ltr'><strong>moriebantur.</strong></span> <span class='ocrx_word' id='word_1_45' title='bbox 396 967 463 1006; x_wconf 91' lang='lat' dir='ltr'><strong>curn</strong></span> <span class='ocrx_word' id='word_1_46' title='bbox 479 948 577 1022; x_wconf 88' lang='lat' dir='ltr'><strong>primis</strong></span> <span class='ocrx_word' id='word_1_47' title='bbox 591 947 651 1006; x_wconf 86' lang='lat' dir='ltr'><strong>fida</strong></span> <span class='ocrx_word' id='word_1_48' title='bbox 664 967 771 1007; x_wconf 89' lang='lat' dir='ltr'><strong>canum</strong></span> <span class='ocrx_word' id='word_1_49' title='bbox 784 949 827 1006; x_wconf 91' lang='lat' dir='ltr'><strong>vis</strong></span> 
     </span>
    </p>

    <p class='ocr_par' dir='ltr' id='par_1_6' title="bbox 131 1038 885 1296">
     <span class='ocr_line' id='line_1_9' title="bbox 131 1038 884 1114; baseline 0.004 -20"><span class='ocrx_word' id='word_1_50' title='bbox 131 1045 219 1095; x_wconf 88' lang='lat' dir='ltr'><strong>strata</strong></span> <span class='ocrx_word' id='word_1_51' title='bbox 232 1038 285 1096; x_wconf 92' lang='lat' dir='ltr'><strong>viis</strong></span> <span class='ocrx_word' id='word_1_52' title='bbox 298 1038 426 1095; x_wconf 89' lang='lat' dir='ltr'><strong>animam</strong></span> <span class='ocrx_word' id='word_1_53' title='bbox 439 1038 613 1112; x_wconf 83' lang='lat' dir='ltr'><strong>ponebat&#39;in</strong></span> <span class='ocrx_word' id='word_1_54' title='bbox 627 1038 763 1096; x_wconf 90' lang='lat' dir='ltr'><strong>omnibus</strong></span> <span class='ocrx_word' id='word_1_55' title='bbox 777 1056 864 1114; x_wconf 87' lang='lat' dir='ltr'><strong>aegre</strong></span> <span class='ocrx_word' id='word_1_56' title='bbox 874 1059 884 1112; x_wconf 75' lang='lat'>3</span> 
     </span>
     <span class='ocr_line' id='line_1_10' title="bbox 131 1128 885 1202; baseline 0.005 -18"><span class='ocrx_word' id='word_1_57' title='bbox 131 1128 322 1202; x_wconf 85' lang='lat' dir='ltr'><strong>extorquebat</strong></span> <span class='ocrx_word' id='word_1_58' title='bbox 336 1128 415 1185; x_wconf 91' lang='lat' dir='ltr'><strong>enim</strong></span> <span class='ocrx_word' id='word_1_59' title='bbox 429 1128 518 1185; x_wconf 85' lang='lat' dir='ltr'><strong>vitam</strong></span> <span class='ocrx_word' id='word_1_60' title='bbox 532 1128 725 1186; x_wconf 80' lang='lat' dir='ltr'><strong>vis·morbida</strong></span> <span class='ocrx_word' id='word_1_61' title='bbox 738 1129 885 1188; x_wconf 91' lang='lat' dir='ltr'><strong>membris.</strong></span> 
     </span>
     <span class='ocr_line' id='line_1_11' title="bbox 134 1215 792 1296; baseline 0.003 -22"><span class='ocrx_word' id='word_1_62' title='bbox 134 1215 318 1294; x_wconf 86' lang='lat' dir='ltr'><strong>[incomitata</strong></span> <span class='ocrx_word' id='word_1_63' title='bbox 331 1218 393 1293; x_wconf 91' lang='lat' dir='ltr'><strong>rapi</strong></span> <span class='ocrx_word' id='word_1_64' title='bbox 408 1218 558 1276; x_wconf 87' lang='lat' dir='ltr'><strong>certabant</strong></span> <span class='ocrx_word' id='word_1_65' title='bbox 572 1217 673 1275; x_wconf 85' lang='lat' dir='ltr'><strong>funera</strong></span> <span class='ocrx_word' id='word_1_66' title='bbox 686 1216 792 1296; x_wconf 84' lang='lat' dir='ltr'><strong>vasta]</strong></span> 
     </span>
    </p>

    <p class='ocr_par' dir='ltr' id='par_1_7' title="bbox 128 1306 1032 1472">
     <span class='ocr_line' id='line_1_12' title="bbox 128 1306 1032 1382; baseline 0.001 -17"><span class='ocrx_word' id='word_1_67' title='bbox 128 1324 185 1365; x_wconf 88' lang='lat' dir='ltr'><strong>nec</strong></span> <span class='ocrx_word' id='word_1_68' title='bbox 199 1308 272 1365; x_wconf 92' lang='lat' dir='ltr'><strong>ratio</strong></span> <span class='ocrx_word' id='word_1_69' title='bbox 286 1306 399 1365; x_wconf 87' lang='lat' dir='ltr'><strong>remedi</strong></span> <span class='ocrx_word' id='word_1_70' title='bbox 412 1307 576 1364; x_wconf 85' lang='lat' dir='ltr'><strong>communis</strong></span> <span class='ocrx_word' id='word_1_71' title='bbox 591 1319 670 1364; x_wconf 91' lang='lat' dir='ltr'><strong>certa</strong></span> <span class='ocrx_word' id='word_1_72' title='bbox 683 1307 826 1382; x_wconf 85' lang='lat' dir='ltr'><strong>dabatur;</strong></span> <span class='ocrx_word' id='word_1_73' title='bbox 970 1327 1032 1382; x_wconf 83' lang='lat'><strong>1225</strong></span> 
     </span>
     <span class='ocr_line' id='line_1_13' title="bbox 128 1395 776 1472; baseline 0.002 -18"><span class='ocrx_word' id='word_1_74' title='bbox 128 1414 197 1454; x_wconf 86' lang='lat' dir='ltr'><strong>nam</strong></span> <span class='ocrx_word' id='word_1_75' title='bbox 213 1396 294 1472; x_wconf 91' lang='lat' dir='ltr'><strong>quod</strong></span> <span class='ocrx_word' id='word_1_76' title='bbox 308 1397 346 1454; x_wconf 90' lang='lat' dir='ltr'><strong>ali</strong></span> <span class='ocrx_word' id='word_1_77' title='bbox 361 1395 483 1455; x_wconf 88' lang='lat' dir='ltr'><strong>dederat</strong></span> <span class='ocrx_word' id='word_1_78' title='bbox 497 1397 591 1454; x_wconf 69' lang='lat' dir='ltr'><strong>uitalis</strong></span> <span class='ocrx_word' id='word_1_79' title='bbox 605 1396 678 1454; x_wconf 73' lang='lat' dir='ltr'><strong>aeris</strong></span> <span class='ocrx_word' id='word_1_80' title='bbox 692 1415 776 1455; x_wconf 87' lang='lat' dir='ltr'><strong>auras</strong></span> 
     </span>
    </p>

    <p class='ocr_par' dir='ltr' id='par_1_8' title="bbox 127 1486 803 1563">
     <span class='ocr_line' id='line_1_14' title="bbox 127 1486 803 1563; baseline 0.001 -19"><span class='ocrx_word' id='word_1_81' title='bbox 127 1487 242 1545; x_wconf 91' lang='lat' dir='ltr'><strong>volvere</strong></span> <span class='ocrx_word' id='word_1_82' title='bbox 256 1486 287 1544; x_wconf 92' lang='lat' dir='ltr'><strong>in</strong></span> <span class='ocrx_word' id='word_1_83' title='bbox 301 1504 352 1544; x_wconf 91' lang='lat' dir='ltr'><strong>ore</strong></span> <span class='ocrx_word' id='word_1_84' title='bbox 366 1487 452 1544; x_wconf 88' lang='lat' dir='ltr'><strong>licere</strong></span> <span class='ocrx_word' id='word_1_85' title='bbox 468 1487 585 1559; x_wconf 74' lang='lat' dir='ltr'><strong>etcaeli</strong></span> <span class='ocrx_word' id='word_1_86' title='bbox 597 1487 707 1563; x_wconf 91' lang='lat' dir='ltr'><strong>templa</strong></span> <span class='ocrx_word' id='word_1_87' title='bbox 720 1487 803 1560; x_wconf 85' lang='lat' dir='ltr'><strong>tueri,</strong></span> 
     </span>
    </p>

    <p class='ocr_par' dir='ltr' id='par_1_9' title="bbox 127 1562 740 1651">
     <span class='ocr_line' id='line_1_15' title="bbox 127 1562 740 1651; baseline 0.003 -18"><span class='ocrx_word' id='word_1_88' title='bbox 127 1575 185 1633; x_wconf 94' lang='lat' dir='ltr'><strong>hoc</strong></span> <span class='ocrx_word' id='word_1_89' title='bbox 200 1576 261 1634; x_wconf 90' lang='lat' dir='ltr'><strong>aliis</strong></span> <span class='ocrx_word' id='word_1_90' title='bbox 275 1584 335 1633; x_wconf 94' lang='lat' dir='ltr'><strong>erat</strong></span> <span class='ocrx_word' id='word_1_91' title='bbox 349 1576 437 1634; x_wconf 85' lang='lat' dir='ltr'><strong>exitio</strong></span> <span class='ocrx_word' id='word_1_92' title='bbox 450 1562 599 1651; x_wconf 78' lang='lat' dir='ltr'><strong>letdinque</strong></span> <span class='ocrx_word' id='word_1_93' title='bbox 613 1577 740 1651; x_wconf 85' lang='lat' dir='ltr'><strong>parabat</strong></span> 
     </span>
    </p>

    <p class='ocr_par' dir='ltr' id='par_1_10' title="bbox 124 1665 1030 1922">
     <span class='ocr_line' id='line_1_16' title="bbox 125 1665 910 1743; baseline 0.004 -20"><span class='ocrx_word' id='word_1_94' title='bbox 125 1665 197 1724; x_wconf 91' lang='lat' dir='ltr'><strong>illud</strong></span> <span class='ocrx_word' id='word_1_95' title='bbox 211 1667 241 1723; x_wconf 91' lang='lat' dir='ltr'><strong>in</strong></span> <span class='ocrx_word' id='word_1_96' title='bbox 255 1666 299 1724; x_wconf 92' lang='lat' dir='ltr'><strong>his</strong></span> <span class='ocrx_word' id='word_1_97' title='bbox 313 1666 400 1724; x_wconf 92' lang='lat' dir='ltr'><strong>rebus</strong></span> <span class='ocrx_word' id='word_1_98' title='bbox 414 1665 611 1725; x_wconf 86' lang='lat' dir='ltr'><strong>miserandum</strong></span> <span class='ocrx_word' id='word_1_99' title='bbox 625 1685 803 1743; x_wconf 86' lang='lat' dir='ltr'><strong>magnopere</strong></span> <span class='ocrx_word' id='word_1_100' title='bbox 817 1685 910 1726; x_wconf 91' lang='lat' dir='ltr'><strong>unum</strong></span> 
     </span>
     <span class='ocr_line' id='line_1_17' title="bbox 126 1756 1030 1834; baseline 0.004 -21"><span class='ocrx_word' id='word_1_101' title='bbox 126 1756 321 1814; x_wconf 87' lang='lat' dir='ltr'><strong>aerumnabile</strong></span> <span class='ocrx_word' id='word_1_102' title='bbox 337 1765 406 1828; x_wconf 84' lang='lat' dir='ltr'><strong>erat,</strong></span> <span class='ocrx_word' id='word_1_103' title='bbox 421 1756 503 1831; x_wconf 92' lang='lat' dir='ltr'><strong>quod</strong></span> <span class='ocrx_word' id='word_1_104' title='bbox 517 1758 567 1816; x_wconf 92' lang='lat' dir='ltr'><strong>ubi</strong></span> <span class='ocrx_word' id='word_1_105' title='bbox 581 1775 612 1816; x_wconf 89' lang='lat' dir='ltr'><strong>se</strong></span> <span class='ocrx_word' id='word_1_106' title='bbox 627 1759 750 1834; x_wconf 90' lang='lat' dir='ltr'><strong>quisque</strong></span> <span class='ocrx_word' id='word_1_107' title='bbox 764 1757 883 1817; x_wconf 93' lang='lat' dir='ltr'><strong>videbat</strong></span> <span class='ocrx_word' id='word_1_108' title='bbox 965 1780 1030 1832; x_wconf 88' lang='lat'>1230</span> 
     </span>
     <span class='ocr_line' id='line_1_18' title="bbox 124 1845 841 1922; baseline 0.007 -20"><span class='ocrx_word' id='word_1_109' title='bbox 124 1845 298 1920; x_wconf 90' lang='lat' dir='ltr'><strong>implicitum</strong></span> <span class='ocrx_word' id='word_1_110' title='bbox 312 1847 426 1918; x_wconf 89' lang='lat' dir='ltr'><strong>morbo,</strong></span> <span class='ocrx_word' id='word_1_111' title='bbox 441 1848 528 1905; x_wconf 92' lang='lat' dir='ltr'><strong>morti</strong></span> <span class='ocrx_word' id='word_1_112' title='bbox 541 1847 695 1906; x_wconf 90' lang='lat' dir='ltr'><strong>damnatus</strong></span> <span class='ocrx_word' id='word_1_113' title='bbox 709 1857 741 1906; x_wconf 94' lang='lat' dir='ltr'><strong>ut</strong></span> <span class='ocrx_word' id='word_1_114' title='bbox 756 1858 841 1922; x_wconf 88' lang='lat' dir='ltr'><strong>esset,</strong></span> 
     </span>
    </p>

    <p class='ocr_par' dir='ltr' id='par_1_11' title="bbox 125 1935 827 2011">
     <span class='ocr_line' id='line_1_19' title="bbox 125 1935 827 2011; baseline 0.007 -19"><span class='ocrx_word' id='word_1_115' title='bbox 125 1935 265 1994; x_wconf 87' lang='lat' dir='ltr'><strong>deficiens</strong></span> <span class='ocrx_word' id='word_1_116' title='bbox 276 1937 375 1993; x_wconf 89' lang='lat' dir='ltr'><strong>animo</strong></span> <span class='ocrx_word' id='word_1_117' title='bbox 390 1946 502 1994; x_wconf 90' lang='lat' dir='ltr'><strong>maesto</strong></span> <span class='ocrx_word' id='word_1_118' title='bbox 517 1955 585 1994; x_wconf 89' lang='lat' dir='ltr'><strong>cum</strong></span> <span class='ocrx_word' id='word_1_119' title='bbox 599 1937 689 1996; x_wconf 89' lang='lat' dir='ltr'><strong>corde</strong></span> <span class='ocrx_word' id='word_1_120' title='bbox 704 1938 827 2011; x_wconf 87' lang='lat' dir='ltr'><strong>iaccbat,</strong></span> 
     </span>
    </p>

    <p class='ocr_par' dir='ltr' id='par_1_12' title="bbox 125 2025 847 2100">
     <span class='ocr_line' id='line_1_20' title="bbox 125 2025 847 2100; baseline 0.006 -18"><span class='ocrx_word' id='word_1_121' title='bbox 125 2025 226 2082; x_wconf 80' lang='lat' dir='ltr'><strong>lunera</strong></span> <span class='ocrx_word' id='word_1_122' title='bbox 238 2036 406 2100; x_wconf 87' lang='lat' dir='ltr'><strong>respectans</strong></span> <span class='ocrx_word' id='word_1_123' title='bbox 420 2027 548 2083; x_wconf 90' lang='lat' dir='ltr'><strong>animam</strong></span> <span class='ocrx_word' id='word_1_124' title='bbox 562 2028 713 2086; x_wconf 89' lang='lat' dir='ltr'><strong>amittebat</strong></span> <span class='ocrx_word' id='word_1_125' title='bbox 728 2028 847 2086; x_wconf 89' lang='lat' dir='ltr'><strong>ibidem.</strong></span> 
     </span>
    </p>

    <p class='ocr_par' dir='ltr' id='par_1_13' title="bbox 124 2116 1025 2281">
     <span class='ocr_line' id='line_1_21' title="bbox 124 2116 1025 2193; baseline 0.006 -22"><span class='ocrx_word' id='word_1_126' title='bbox 124 2116 233 2189; x_wconf 90' lang='lat' dir='ltr'><strong>quippe</strong></span> <span class='ocrx_word' id='word_1_127' title='bbox 249 2117 356 2172; x_wconf 88' lang='lat' dir='ltr'><strong>etenim</strong></span> <span class='ocrx_word' id='word_1_128' title='bbox 371 2117 450 2172; x_wconf 92' lang='lat' dir='ltr'><strong>nullo</strong></span> <span class='ocrx_word' id='word_1_129' title='bbox 465 2118 617 2175; x_wconf 88' lang='lat' dir='ltr'><strong>cessabant</strong></span> <span class='ocrx_word' id='word_1_130' title='bbox 631 2127 763 2193; x_wconf 87' lang='lat' dir='ltr'><strong>tempore</strong></span> <span class='ocrx_word' id='word_1_131' title='bbox 778 2118 871 2193; x_wconf 87' lang='lat' dir='ltr'><strong>apisci</strong></span> <span class='ocrx_word' id='word_1_132' title='bbox 964 2139 1025 2193; x_wconf 84' lang='lat'>1235</span> 
     </span>
     <span class='ocr_line' id='line_1_22' title="bbox 124 2205 677 2281; baseline 0.005 -19"><span class='ocrx_word' id='word_1_133' title='bbox 124 2223 161 2262; x_wconf 86' lang='lat' dir='ltr'><strong>ex</strong></span> <span class='ocrx_word' id='word_1_134' title='bbox 174 2206 234 2263; x_wconf 89' lang='lat' dir='ltr'><strong>aliis</strong></span> <span class='ocrx_word' id='word_1_135' title='bbox 249 2205 319 2264; x_wconf 91' lang='lat' dir='ltr'><strong>alios</strong></span> <span class='ocrx_word' id='word_1_136' title='bbox 334 2205 410 2262; x_wconf 90' lang='lat' dir='ltr'><strong>avidi</strong></span> <span class='ocrx_word' id='word_1_137' title='bbox 426 2207 560 2281; x_wconf 86' lang='lat' dir='ltr'><strong>contagia</strong></span> <span class='ocrx_word' id='word_1_138' title='bbox 574 2208 677 2278; x_wconf 87' lang='lat' dir='ltr'><strong>morbi,</strong></span> 
     </span>
    </p>

    <p class='ocr_par' dir='ltr' id='par_1_14' title="bbox 122 2296 855 2371">
     <span class='ocr_line' id='line_1_23' title="bbox 122 2296 855 2371; baseline 0.005 -19"><span class='ocrx_word' id='word_1_139' title='bbox 122 2296 262 2371; x_wconf 90' lang='lat' dir='ltr'><strong>lanigeras</strong></span> <span class='ocrx_word' id='word_1_140' title='bbox 277 2305 426 2370; x_wconf 88' lang='lat' dir='ltr'><strong>tamquam</strong></span> <span class='ocrx_word' id='word_1_141' title='bbox 440 2296 570 2370; x_wconf 89' lang='lat' dir='ltr'><strong>pecudes</strong></span> <span class='ocrx_word' id='word_1_142' title='bbox 585 2307 615 2354; x_wconf 89' lang='lat' dir='ltr'><strong>et</strong></span> <span class='ocrx_word' id='word_1_143' title='bbox 628 2298 737 2355; x_wconf 89' lang='lat' dir='ltr'><strong>bucera</strong></span> <span class='ocrx_word' id='word_1_144' title='bbox 751 2299 855 2357; x_wconf 89' lang='lat' dir='ltr'><strong>saecla.</strong></span> 
     </span>
    </p>

    <p class='ocr_par' dir='ltr' id='par_1_15' title="bbox 122 2385 845 2461">
     <span class='ocr_line' id='line_1_24' title="bbox 122 2385 845 2461; baseline 0.006 -19"><span class='ocrx_word' id='word_1_145' title='bbox 122 2385 211 2459; x_wconf 91' lang='lat' dir='ltr'><strong>idque</strong></span> <span class='ocrx_word' id='word_1_146' title='bbox 225 2387 271 2443; x_wconf 89' lang='lat' dir='ltr'><strong>vel</strong></span> <span class='ocrx_word' id='word_1_147' title='bbox 284 2388 314 2444; x_wconf 91' lang='lat' dir='ltr'><strong>in</strong></span> <span class='ocrx_word' id='word_1_148' title='bbox 328 2386 426 2461; x_wconf 90' lang='lat' dir='ltr'><strong>primis</strong></span> <span class='ocrx_word' id='word_1_149' title='bbox 441 2387 607 2444; x_wconf 89' lang='lat' dir='ltr'><strong>cumulabat</strong></span> <span class='ocrx_word' id='word_1_150' title='bbox 620 2387 720 2444; x_wconf 88' lang='lat' dir='ltr'><strong>funere</strong></span> <span class='ocrx_word' id='word_1_151' title='bbox 735 2388 829 2446; x_wconf 87' lang='lat' dir='ltr'><strong>funus.</strong></span> <span class='ocrx_word' id='word_1_152' title='bbox 843 2418 845 2424; x_wconf 95' lang='lat'>·</span> 
     </span>
    </p>

    <p class='ocr_par' dir='ltr' id='par_1_16' title="bbox 120 2476 920 2554">
     <span class='ocr_line' id='line_1_25' title="bbox 120 2476 920 2554; baseline 0.008 -23"><span class='ocrx_word' id='word_1_153' title='bbox 120 2493 189 2532; x_wconf 88' lang='lat' dir='ltr'><strong>nam</strong></span> <span class='ocrx_word' id='word_1_154' title='bbox 205 2477 382 2550; x_wconf 90' lang='lat' dir='ltr'><strong>quicumque</strong></span> <span class='ocrx_word' id='word_1_155' title='bbox 397 2494 464 2533; x_wconf 92' lang='lat' dir='ltr'><strong>suos</strong></span> <span class='ocrx_word' id='word_1_156' title='bbox 478 2476 638 2551; x_wconf 84' lang='lat' dir='ltr'><strong>fugitabant</strong></span> <span class='ocrx_word' id='word_1_157' title='bbox 651 2478 742 2535; x_wconf 91' lang='lat' dir='ltr'><strong>visere</strong></span> <span class='ocrx_word' id='word_1_158' title='bbox 756 2478 794 2535; x_wconf 90' lang='lat' dir='ltr'><strong>ad</strong></span> <span class='ocrx_word' id='word_1_159' title='bbox 809 2496 920 2554; x_wconf 75' lang='lat' dir='ltr'><strong>aegros</strong></span> 
     </span>
    </p>

    <p class='ocr_par' dir='ltr' id='par_1_17' title="bbox 120 2567 1024 2735">
     <span class='ocr_line' id='line_1_26' title="bbox 120 2567 1024 2643; baseline 0.007 -20"><span class='ocrx_word' id='word_1_160' title='bbox 120 2567 188 2624; x_wconf 89' lang='lat' dir='ltr'><strong>vitai</strong></span> <span class='ocrx_word' id='word_1_161' title='bbox 202 2568 323 2624; x_wconf 91' lang='lat' dir='ltr'><strong>nimium</strong></span> <span class='ocrx_word' id='word_1_162' title='bbox 338 2567 461 2643; x_wconf 87' lang='lat' dir='ltr'><strong>cupidos</strong></span> <span class='ocrx_word' id='word_1_163' title='bbox 477 2569 633 2643; x_wconf 90' lang='lat' dir='ltr'><strong>mortisque</strong></span> <span class='ocrx_word' id='word_1_164' title='bbox 648 2570 776 2628; x_wconf 91' lang='lat' dir='ltr'><strong>timentis</strong></span> <span class='ocrx_word' id='word_1_165' title='bbox 960 2591 1024 2642; x_wconf 84' lang='lat'>1240</span> 
     </span>
     <span class='ocr_line' id='line_1_27' title="bbox 120 2658 794 2735; baseline 0.006 -21"><span class='ocrx_word' id='word_1_166' title='bbox 120 2658 259 2730; x_wconf 90' lang='lat' dir='ltr'><strong>poenibat</strong></span> <span class='ocrx_word' id='word_1_167' title='bbox 272 2659 360 2732; x_wconf 90' lang='lat' dir='ltr'><strong>paulo</strong></span> <span class='ocrx_word' id='word_1_168' title='bbox 374 2668 440 2733; x_wconf 93' lang='lat' dir='ltr'><strong>post</strong></span> <span class='ocrx_word' id='word_1_169' title='bbox 455 2659 529 2733; x_wconf 85' lang='lat' dir='ltr'><strong>turpi</strong></span> <span class='ocrx_word' id='word_1_170' title='bbox 544 2668 636 2716; x_wconf 91' lang='lat' dir='ltr'><strong>morte</strong></span> <span class='ocrx_word' id='word_1_171' title='bbox 651 2661 794 2735; x_wconf 89' lang='lat' dir='ltr'><strong>malaque,</strong></span> 
     </span>
    </p>

    <p class='ocr_par' dir='ltr' id='par_1_18' title="bbox 121 2744 761 2823">
     <span class='ocr_line' id='line_1_28' title="bbox 121 2744 761 2823; baseline 0.011 -21"><span class='ocrx_word' id='word_1_172' title='bbox 121 2744 259 2818; x_wconf 87' lang='lat' dir='ltr'><strong>desertos,</strong></span> <span class='ocrx_word' id='word_1_173' title='bbox 274 2748 338 2823; x_wconf 92' lang='lat' dir='ltr'><strong>opis</strong></span> <span class='ocrx_word' id='word_1_174' title='bbox 353 2751 486 2822; x_wconf 67' lang='lat' dir='ltr'><strong>expertis</strong></span> <span class='ocrx_word' id='word_1_175' title='bbox 500 2749 610 2806; x_wconf 89' lang='lat' dir='ltr'><strong>incuria</strong></span> <span class='ocrx_word' id='word_1_176' title='bbox 623 2760 761 2809; x_wconf 89' lang='lat' dir='ltr'><strong>mactans.</strong></span> 
     </span>
    </p>

    <p class='ocr_par' dir='ltr' id='par_1_19' title="bbox 121 2835 826 2914">
     <span class='ocr_line' id='line_1_29' title="bbox 121 2835 826 2914; baseline 0.01 -22"><span class='ocrx_word' id='word_1_177' title='bbox 121 2835 171 2908; x_wconf 93' lang='lat' dir='ltr'><strong>qui</strong></span> <span class='ocrx_word' id='word_1_178' title='bbox 185 2836 296 2894; x_wconf 80' lang='lat' dir='ltr'><strong>fuerant</strong></span> <span class='ocrx_word' id='word_1_179' title='bbox 309 2847 407 2894; x_wconf 89' lang='lat' dir='ltr'><strong>autem</strong></span> <span class='ocrx_word' id='word_1_180' title='bbox 422 2848 545 2912; x_wconf 83' lang='lat' dir='ltr'><strong>praesto,</strong></span> <span class='ocrx_word' id='word_1_181' title='bbox 561 2841 731 2914; x_wconf 86' lang='lat' dir='ltr'><strong>contagibus</strong></span> <span class='ocrx_word' id='word_1_182' title='bbox 745 2841 826 2899; x_wconf 87' lang='lat' dir='ltr'><strong>ibant</strong></span> 
     </span>
    </p>

    <p class='ocr_par' dir='ltr' id='par_1_20' title="bbox 119 2926 1019 3183">
     <span class='ocr_line' id='line_1_30' title="bbox 120 2926 852 3003; baseline 0.008 -22"><span class='ocrx_word' id='word_1_183' title='bbox 120 2933 208 2997; x_wconf 89' lang='lat' dir='ltr'><strong>atque</strong></span> <span class='ocrx_word' id='word_1_184' title='bbox 222 2926 328 2997; x_wconf 89' lang='lat' dir='ltr'><strong>labore,</strong></span> <span class='ocrx_word' id='word_1_185' title='bbox 344 2927 440 3001; x_wconf 90' lang='lat' dir='ltr'><strong>pudor</strong></span> <span class='ocrx_word' id='word_1_186' title='bbox 453 2945 541 3001; x_wconf 90' lang='lat' dir='ltr'><strong>quem</strong></span> <span class='ocrx_word' id='word_1_187' title='bbox 556 2937 618 2985; x_wconf 91' lang='lat' dir='ltr'><strong>tum</strong></span> <span class='ocrx_word' id='word_1_188' title='bbox 633 2930 757 3003; x_wconf 86' lang='lat' dir='ltr'><strong>cogebat</strong></span> <span class='ocrx_word' id='word_1_189' title='bbox 771 2930 852 2988; x_wconf 91' lang='lat' dir='ltr'><strong>obire</strong></span> 
     </span>
     <span class='ocr_line' id='line_1_31' title="bbox 119 3013 1019 3093; baseline 0.009 -23"><span class='ocrx_word' id='word_1_190' title='bbox 119 3013 285 3089; x_wconf 87' lang='lat' dir='ltr'><strong>blandaque</strong></span> <span class='ocrx_word' id='word_1_191' title='bbox 299 3017 438 3074; x_wconf 90' lang='lat' dir='ltr'><strong>lassorum</strong></span> <span class='ocrx_word' id='word_1_192' title='bbox 451 3037 509 3075; x_wconf 86' lang='lat' dir='ltr'><strong>vox</strong></span> <span class='ocrx_word' id='word_1_193' title='bbox 522 3018 612 3075; x_wconf 88' lang='lat' dir='ltr'><strong>mixta</strong></span> <span class='ocrx_word' id='word_1_194' title='bbox 625 3037 699 3076; x_wconf 91' lang='lat' dir='ltr'><strong>voce</strong></span> <span class='ocrx_word' id='word_1_195' title='bbox 714 3020 868 3093; x_wconf 88' lang='lat' dir='ltr'><strong>querellae.</strong></span> <span class='ocrx_word' id='word_1_196' title='bbox 958 3039 1019 3093; x_wconf 82' lang='lat'><strong>¹²45</strong></span> 
     </span>
     <span class='ocr_line' id='line_1_32' title="bbox 119 3104 846 3183; baseline 0.01 -22"><span class='ocrx_word' id='word_1_197' title='bbox 119 3104 247 3179; x_wconf 88' lang='lat' dir='ltr'><strong>optimus</strong></span> <span class='ocrx_word' id='word_1_198' title='bbox 261 3105 318 3162; x_wconf 93' lang='lat' dir='ltr'><strong>hoc</strong></span> <span class='ocrx_word' id='word_1_199' title='bbox 331 3106 381 3164; x_wconf 91' lang='lat' dir='ltr'><strong>leti</strong></span> <span class='ocrx_word' id='word_1_200' title='bbox 394 3125 486 3182; x_wconf 89' lang='lat' dir='ltr'><strong>genus</strong></span> <span class='ocrx_word' id='word_1_201' title='bbox 501 3125 570 3183; x_wconf 89' lang='lat' dir='ltr'><strong>ergo</strong></span> <span class='ocrx_word' id='word_1_202' title='bbox 585 3108 707 3182; x_wconf 89' lang='lat' dir='ltr'><strong>quisque</strong></span> <span class='ocrx_word' id='word_1_203' title='bbox 722 3110 846 3168; x_wconf 92' lang='lat' dir='ltr'><strong>subibat.</strong></span> 
     </span>
    </p>
   </div>
   <div class='ocr_carea' id='block_1_5' title="bbox 118 3285 822 3451">
    <p class='ocr_par' dir='ltr' id='par_1_21' title="bbox 118 3285 822 3451">
     <span class='ocr_line' id='line_1_33' title="bbox 118 3285 820 3362; baseline 0.004 -20"><span class='ocrx_word' id='word_1_204' title='bbox 118 3285 207 3359; x_wconf 90' lang='lat' dir='ltr'><strong>inque</strong></span> <span class='ocrx_word' id='word_1_205' title='bbox 222 3285 283 3343; x_wconf 90' lang='lat' dir='ltr'><strong>aliis</strong></span> <span class='ocrx_word' id='word_1_206' title='bbox 297 3285 394 3357; x_wconf 88' lang='lat' dir='ltr'><strong>alium,</strong></span> <span class='ocrx_word' id='word_1_207' title='bbox 409 3287 551 3360; x_wconf 91' lang='lat' dir='ltr'><strong>populum</strong></span> <span class='ocrx_word' id='word_1_208' title='bbox 566 3288 687 3362; x_wconf 90' lang='lat' dir='ltr'><strong>sepelire</strong></span> <span class='ocrx_word' id='word_1_209' title='bbox 701 3307 820 3345; x_wconf 91' lang='lat' dir='ltr'><strong>suorum</strong></span> 
     </span>
     <span class='ocr_line' id='line_1_34' title="bbox 118 3376 822 3451; baseline 0.004 -18"><span class='ocrx_word' id='word_1_210' title='bbox 118 3385 280 3435; x_wconf 88' lang='lat' dir='ltr'><strong>certantes:</strong></span> <span class='ocrx_word' id='word_1_211' title='bbox 301 3376 425 3434; x_wconf 83' lang='lat' dir='ltr'><strong>lacrimis</strong></span> <span class='ocrx_word' id='word_1_212' title='bbox 439 3377 505 3434; x_wconf 90' lang='lat' dir='ltr'><strong>lassi</strong></span> <span class='ocrx_word' id='word_1_213' title='bbox 519 3377 655 3451; x_wconf 92' lang='lat' dir='ltr'><strong>luctuque</strong></span> <span class='ocrx_word' id='word_1_214' title='bbox 669 3377 822 3450; x_wconf 78' lang='lat' dir='ltr'><strong>redibant3</strong></span> 
     </span>
    </p>
   </div>
   <div class='ocr_carea' id='block_1_6' title="bbox 0 0 1254 3894">
    <p class='ocr_par' dir='ltr' id='par_1_22' title="bbox 0 0 1254 3894">
     <span class='ocr_line' id='line_1_35' title="bbox 0 0 1254 3894; baseline 0 7"><span class='ocrx_word' id='word_1_215' title='bbox 0 0 1254 3894; x_wconf 95' lang='lat' dir='ltr'><strong> </strong></span> 
     </span>
    </p>
   </div>
  </div>
 </body>
</html>
