2498 3894
93 127 101 141 ·
184 111 245 178 174
521 113 752 168 nuenarius
1032 112 1083 185 [v.

178 286 208 334 et
221 276 334 352 lapides
349 286 378 334 et
392 277 461 334 item
476 275 608 335 silvarum
624 275 763 351 fragmina
776 275 858 346 rami,

178 377 208 425 et
221 367 338 425 flamma
351 376 439 440 atque
453 368 544 442 ignes,
559 377 714 441 postquam
729 375 795 423 sunt
809 365 928 441 cognita
940 365 1078 443 primum.

176 459 319 532 posterius
334 457 398 514 ferri
413 457 455 514 vis
471 467 514 514 est
528 458 659 531 aerisque
674 466 796 531 reperta.
1020 463 1085 515 1286

177 557 206 604 at
220 549 297 622 prior
310 548 383 605 aeris
397 556 458 604 erat
472 565 561 620 quam
576 547 640 604 ferri
654 547 789 621 cognitus
803 561 881 618 usuS,

176 654 237 710 quo
252 637 340 695 facilis
357 638 448 712 magis
462 646 506 693 est
521 646 623 693 natura
636 646 666 693 et
679 637 767 710 copia
781 637 881 694 maior.

176 745 242 784 aere
257 729 351 785 solum
366 738 456 784 terrae
472 726 642 797 tractabant,
656 744 782 800 aereque
796 726 864 783 belli

177 818 339 876 miscebant
353 817 456 875 fluctus
471 826 500 874 et
515 817 633 873 vulnera
647 825 728 872 vasta
742 817 877 874 serebant
1020 835 1084 889 1290

175 917 206 965 et
219 927 310 984 pecus
324 918 411 984 atque
426 926 510 982 agros
525 905 713 977 adimebant;
731 924 801 963 nam
815 906 898 963 facile
913 904 978 963 ollis

176 999 275 1056 omnia
288 997 434 1056 cedebant
448 998 562 1054 armatis
576 995 656 1053 nuda
669 1005 699 1052 et
713 996 832 1053 inerma.

175 1088 244 1146 inde
259 1090 421 1146 minutatim
435 1087 576 1162 processit
590 1087 697 1143 ferreus
712 1086 789 1144 ensis

174 1197 313 1253 versaque
328 1180 358 1237 in
372 1179 545 1252 obprobium
561 1177 673 1251 species
687 1185 731 1233 est
745 1176 825 1233 falcis
839 1174 960 1246 ahenae‚

173 1279 204 1326 et
218 1270 292 1326 ferro
307 1286 432 1343 coepere
447 1268 540 1326 solum
555 1266 742 1341 proscindere
757 1277 848 1324 terrae
1019 1283 1081 1338 1295

174 1370 394 1433 exaequataque
409 1369 475 1415 sunt
490 1358 601 1431 creperi
616 1358 775 1414 certamina
788 1355 864 1415 belli.

174 1458 203 1505 et
217 1450 295 1523 prius
312 1460 356 1507 est
369 1458 510 1506 armatum
527 1449 556 1505 in
571 1449 640 1522 equi
654 1447 853 1505 conscendere
868 1456 964 1505 costas

173 1547 204 1596 et
218 1538 395 1596 moderarier
409 1528 487 1595 hunc
502 1537 589 1595 frenis
604 1537 764 1612 dextraque
778 1539 874 1612 vigere

173 1645 261 1702 quam
277 1629 377 1704 biiugo
392 1648 476 1686 curru
491 1628 559 1686 belli
573 1637 715 1702 temptare
730 1628 846 1703 pericla.

172 1728 204 1776 et
217 1719 330 1793 biiugos
346 1720 424 1794 prius
440 1728 483 1776 est
497 1737 585 1794 quam
600 1719 644 1777 bis
660 1719 838 1793 coniungere
852 1717 937 1776 binos

172 1818 204 1866 et
217 1827 305 1883 quam
320 1810 461 1867 falciferos
475 1818 618 1866 armatum
634 1808 793 1866 escendere
808 1827 916 1867 currus

173 1898 242 1956 inde
257 1900 345 1957 boves
361 1900 440 1956 lucas
455 1900 555 1956 turrito
569 1917 703 1973 corpore,
719 1909 834 1969 taetras,

172 1990 371 2063 anguimanus,
386 1989 452 2047 belli
467 1989 630 2047 docuerunt
644 1991 761 2047 volnera
776 1989 868 2046 Poeni

172 2080 288 2136 sufferre
305 2089 333 2136 et
347 2098 466 2153 magnas
482 2080 582 2136 Martis
598 2080 711 2136 turbare
727 2091 864 2136 catervas.

172 2171 213 2227 sic
228 2169 285 2226 alid
300 2188 336 2226 ex
350 2170 406 2226 alio
421 2170 535 2243 peperit
549 2167 698 2226 discordia
712 2171 808 2240 tristis,

171 2259 305 2317 horribile
320 2259 453 2316 humanis
469 2259 550 2332 quod
564 2260 698 2333 gentibus
714 2270 791 2317 essct
806 2260 836 2318 in
849 2261 944 2331 armis

171 2351 259 2423 inque
275 2350 338 2407 dies
353 2350 420 2407 beili
435 2351 589 2407 terroribus
604 2349 719 2407 addidit
732 2369 866 2426 augmen.

210 2441 403 2514 Temptarunt
418 2441 504 2496 etiam
520 2450 616 2497 tauros
631 2441 660 2496 in
675 2459 813 2498 moenere
828 2440 895 2498 belli

170 2531 341 2604 expertique
356 2548 422 2587 sues
434 2549 534 2587 saevos
549 2540 615 2587 sunt
631 2532 744 2588 mittere
760 2532 789 2587 in
804 2531 903 2589 hostis.

169 2630 200 2676 et
214 2620 325 2676 validos
340 2621 443 2694 partim
458 2638 526 2694 prae
542 2638 573 2677 se
588 2622 691 2678 misere
706 2621 806 2678 leones

170 2728 238 2765 cum
253 2709 422 2767 doctoribus
437 2711 552 2768 armatis
568 2711 719 2784 saevisque
733 2711 874 2786 magistris

170 2800 220 2872 qui
236 2799 411 2856 moderarier
425 2799 469 2857 his
484 2810 604 2874 possent
618 2801 778 2875 vinclisque
794 2812 902 2870 tenere,

169 2890 357 2964 nequiquam,
374 2891 512 2963 quoniam
527 2891 671 2965 permixta
684 2890 777 2948 caede
792 2892 919 2948 calentes

170 2980 323 3037 turbabant
338 2980 414 3036 saevi
429 2981 508 3037 nullo
523 2981 689 3039 discrimine
705 2992 821 3051 tunnas

169 3070 306 3128 terrificas
321 3071 449 3143 capitum
465 3072 628 3143 quatientes
643 3071 773 3144 undique
788 3071 897 3142 cristas,

168 3179 225 3217 nec
239 3170 373 3234 poterant
387 3160 500 3232 equites
515 3161 628 3218 fremitu
644 3162 794 3234 perterrita
808 3180 951 3236 equorum

168 3262 288 3325 pectora
302 3249 428 3306 mulcere
444 3259 473 3307 et
486 3251 573 3307 srenis
587 3261 757 3308 convertere
771 3251 802 3309 in
817 3251 915 3310 hostis.

168 3341 281 3398 inritata
295 3341 355 3398 leae
371 3341 515 3400 iaciebant
529 3359 653 3418 corpora
666 3342 738 3399 saltu
