2498 3894
133 221 193 297 184
458 230 690 286 cucur-:rius
962 233 1031 304 [vr.

127 391 159 450 id
172 393 240 450 licet
254 392 322 450 hinc
336 392 424 450 etiam
439 410 638 467 cognoscere:
660 391 784 451 caedere
799 393 823 451 si
837 411 927 470 quern

127 483 246 557 ancipiti
259 482 359 540 videas
373 483 448 541 ferro
462 482 565 557 procul
578 483 687 541 arboris
700 493 829 555 auctum,

126 582 192 630 ante
207 573 240 630 fit
254 582 286 629 ut
300 590 402 629 cernas
416 573 506 629 ictum
520 591 609 646 quam
622 573 707 648 plaga
719 591 774 648 per
780 573 861 650 auris

126 661 177 720 det
190 663 317 720 sonitum
329 683 337 734 ;
359 663 401 720 sic
415 663 555 737 fulgorem
570 681 688 737 quoque
704 664 848 721 ceruimus
862 673 929 721 ante
983 684 1031 731 170

125 770 213 826 quam
228 753 366 810 tonitrum
381 753 551 828 accipimus,
566 753 672 827 pariter
685 753 736 827 qui
749 754 871 811 mittitur
883 754 943 830 igni

125 862 142 900 e
157 843 241 900 simili
255 861 350 910 causa,
365 860 509 900 concursu
524 853 608 900 natus
622 842 738 900 eodem.

165 934 237 990 Hoc
251 934 338 990 etiam
353 942 441 1007 pacto
454 933 564 990 volucri
578 933 644 990 loca
657 933 766 991 lumine
781 934 896 1010 tingunt

124 1023 217 1081 nubes
232 1031 261 1080 et
274 1023 398 1080 tremulo
412 1031 570 1097 tempestas
583 1023 693 1098 impete
708 1024 798 1098 fulgit.

123 1123 226 1171 ventus
241 1114 291 1171 ubi
305 1114 409 1171 invasit
423 1114 532 1171 nubem
546 1123 576 1170 et
588 1123 717 1172 versatus
731 1113 842 1172 ibidem
982 1133 1027 1186 175

124 1203 193 1260 fecit
206 1213 239 1260 ut
251 1212 319 1260 ante
334 1221 435 1260 cavam
450 1202 539 1260 docui
553 1203 727 1278 spissescere
740 1206 860 1277 nubem,

123 1294 283 1351 mobilitate
298 1312 349 1351 sua
363 1294 516 1365 fervescit3
538 1303 569 1351 ut
583 1295 682 1352 omnia
695 1304 776 1353 motu

123 1384 317 1459 percalefacta
329 1382 411 1441 vides
424 1383 586 1455 ardescere,
601 1385 740 1458 plumbea
751 1403 821 1444 vero

122 1474 203 1550 glans
218 1474 305 1531 etiam
320 1475 408 1548 longo
423 1492 508 1531 cursu
522 1473 667 1531 volvenda
678 1475 821 1549 liquescit.

123 1582 193 1638 ergo
207 1563 334 1621 fervidus
349 1564 396 1622 hic
410 1565 519 1622 nubem
534 1583 602 1621 cum
616 1564 755 1638 perscidit
768 1574 869 1638 atram,
980 1573 1029 1624 180

123 1654 244 1728 dissipat
258 1652 367 1711 ardoris
382 1654 464 1729 quasi
478 1672 531 1728 per
544 1654 601 1711 vim
617 1672 755 1728 expressa
767 1664 887 1729 repente

122 1745 235 1801 semina
248 1763 323 1818 quae
339 1745 447 1802 faciunt
461 1745 600 1801 nictantia
613 1745 724 1819 fulgura
737 1744 871 1803 flammae
882 1767 891 1820 3

121 1833 190 1891 inde
206 1853 294 1892 sonus
308 1835 438 1910 sequitur
451 1834 501 1908 qui
515 1833 624 1891 tardius
638 1834 737 1892 adficit
751 1837 826 1894 auris

121 1942 210 1998 quam
225 1943 300 1999 quae
314 1925 487 1999 perveniunt
502 1925 653 1981 oculorum
668 1924 706 1981 ad
721 1925 830 1983 lumina
843 1935 951 1983 nostra.

121 2015 232 2072 scilicet
246 2015 303 2073 hoc
320 2013 416 2072 densis
431 2016 463 2072 fit
477 2015 602 2072 nubibus
617 2024 646 2072 et
660 2015 744 2072 simul
758 2016 813 2073 alte
980 2024 1025 2087 185

122 2106 257 2162 extructis
272 2106 334 2162 aliis
348 2106 417 2162 alias
432 2123 519 2179 super
533 2105 641 2178 impete
656 2106 750 2177 miro;

120 2213 158 2253 ne
172 2196 224 2253 tibi
238 2196 274 2252 sit
286 2195 361 2253 frudi
376 2195 457 2269 quod
472 2213 525 2252 nos
540 2196 650 2252 inferne
664 2195 798 2253 videmus

120 2304 209 2360 quam
223 2286 279 2343 sint
292 2288 350 2343 lata
360 2287 451 2360 magis
463 2304 550 2360 quam
566 2304 677 2342 sursum
690 2296 820 2343 extructa
829 2285 900 2361 quid
915 2295 1025 2346 extent.

120 2377 334 2450 contemplator
348 2376 436 2447 enim,
451 2394 519 2432 cum
534 2376 681 2433 montibus
695 2376 868 2433 adsimulata

119 2466 218 2523 nubila
232 2466 388 2540 portabunt
401 2466 480 2522 venti
494 2475 652 2522 transversa
666 2483 719 2540 per
732 2484 824 2536 auras,
978 2487 1026 2538 190

120 2565 169 2612 aut
183 2556 232 2613 ubi
246 2573 298 2628 per
312 2573 434 2629 magnos
448 2556 555 2612 montis
570 2556 717 2613 cumulata
730 2555 842 2613 videbis

119 2646 237 2719 insuper
251 2663 313 2703 esse
328 2646 389 2702 aliis
403 2646 458 2702 alia
471 2656 558 2719 atque
573 2664 694 2720 urguere
710 2664 835 2720 superne

118 2736 148 2793 in
163 2737 285 2794 statione
299 2738 395 2794 locata
408 2737 526 2811 sepultis
541 2737 672 2811 undique
686 2737 798 2794 ventis:

119 2836 180 2882 tum
195 2827 303 2900 poteris
317 2844 437 2900 magnas
451 2828 543 2884 moles
558 2845 739 2901 cognoscere
754 2845 855 2883 eorum

119 2916 329 2990 speluncasque
343 2916 422 2974 velut
436 2918 511 2974 saxis
526 2915 715 2991 pendentibu’
731 2926 851 2973 structas
976 2934 1023 2987 195

119 3024 247 3077 cernere,
262 3025 333 3080 quas
347 3008 427 3064 venti
441 3026 509 3064 cum
524 3016 697 3080 tempestate
712 3018 813 3062 coorta

119 3097 300 3171 conpletum,
315 3115 423 3171 magno
438 3097 625 3170 indignantur
639 3114 785 3153 murmure
800 3094 889 3152 clausi

118 3188 242 3244 nubibus
256 3188 286 3244 in
301 3189 454 3260 caveisque
470 3188 592 3243 ferarum
607 3204 689 3243 more
703 3187 867 3256 minantur;

117 3294 195 3334 nunc
210 3276 277 3333 hinc
292 3295 371 3334 nunc
386 3278 463 3333 illinc
478 3277 607 3332 fremitus
621 3294 674 3351 per
688 3277 786 3334 nubila
799 3276 916 3332 mittunt

117 3378 347 3441 quaerentesque
361 3367 437 3423 viam
453 3367 561 3423 circum
574 3378 724 3424 versantur
737 3375 767 3424 et
780 3367 853 3440 ignis
976 3387 1024 3424 200

116 3458 229 3516 semina
241 3456 419 3515 convolvunt
434 3474 449 3514 e
465 3457 590 3514 nubibus
604 3467 691 3531 atque
707 3458 746 3514 ita
760 3463 869 3532 cogunt
