2498 3894
122 212 172 282 V.]
358 216 413 268 DE
439 215 586 270 RERUM
614 215 785 269 NATURA
966 217 1003 283 ¹7
1006 219 1025 283 7

121 393 190 431 cum
205 377 306 434 satiate
321 376 397 450 cibi3
418 395 488 434 nam
502 386 564 435 tum
579 377 652 434 haec
667 386 734 435 sunt
748 377 847 436 omnia
860 376 951 436 cordi.
989 398 992 403 ¹

120 483 210 540 saepe
225 466 322 541 itaque
336 468 411 524 inter
425 485 456 525 se
470 468 604 542 prostrati
619 468 646 524 in
662 468 791 542 gramine
806 469 886 526 molli

120 565 240 630 propter
253 575 347 631 aquae
361 558 453 614 rivom
468 559 522 616 sub
536 559 621 615 ramis
636 559 745 615 arboris
759 559 833 615 altae

120 663 182 702 non
196 647 309 722 magnis
322 647 428 721 opibus
442 646 571 705 iucunde
586 666 710 722 corpora
723 648 880 720 habebant,

119 737 289 810 praesertim
302 755 372 795 cum
385 746 543 812 tempestas
557 736 671 795 ridebat
686 747 715 795 et
729 739 798 794 anni
962 755 1024 809 ¹395

119 836 253 902 tempora
265 827 425 902 pingebant
439 826 587 884 viridantis
602 827 719 885 floribus
734 827 848 887 herbas.

119 925 182 974 tum
197 917 271 989 ioca,
287 927 349 975 tum
364 935 468 988 sermo
484 926 546 974 tum
562 916 662 974 dulces
677 935 741 975 esse
756 918 892 975 cachinni

120 1016 302 1065 consuerant.
318 1008 436 1083 agrestis
451 1008 530 1065 enim
545 1016 607 1064 tum
622 1026 705 1064 musa
718 1007 852 1081 vigebat3

119 1106 181 1154 tum
197 1107 284 1171 caput
298 1107 385 1172 atque
400 1115 516 1155 umeros
530 1097 622 1172 plexis
636 1096 770 1154 redimire
786 1097 901 1155 coronis

119 1187 237 1244 floribus
252 1197 281 1244 et
295 1187 369 1244 foliis
384 1187 501 1245 lascivia
514 1187 589 1245 laeta
603 1188 751 1260 monebat,
964 1207 1026 1253 1400

119 1288 207 1351 atque
222 1287 301 1334 extra
315 1296 468 1335 numerum
483 1277 645 1352 procedere
661 1278 793 1335 membra
806 1287 959 1336 moventes

120 1367 228 1425 duriter
242 1377 271 1425 et
284 1367 358 1425 duro
373 1378 475 1425 terram
491 1367 569 1442 pede
583 1368 689 1442 pellere
704 1377 845 1441 matrem3

119 1457 199 1515 unde
214 1458 380 1516 oriebantur
393 1459 464 1516 risus
479 1457 639 1532 dulcesque
654 1458 798 1530 cachinni,

120 1549 221 1606 omnia
234 1547 316 1622 quod
331 1567 406 1606 nova
420 1558 483 1606 tum
497 1549 588 1624 magis
603 1549 677 1606 haec
691 1558 722 1606 et
735 1549 808 1606 mira
821 1548 966 1624 vigebant.

121 1648 150 1695 et
163 1638 343 1712 vigilantibus
358 1639 427 1696 hinc
442 1638 563 1696 aderant
577 1639 684 1697 solacia
699 1639 804 1711 somni,
961 1655 1021 1709 1405

121 1728 229 1786 ducere
243 1728 422 1786 multimodis
436 1747 524 1787 voces
539 1739 568 1787 et
583 1729 699 1787 flectere
715 1737 818 1787 cantus

121 1828 150 1876 et
164 1837 268 1893 supera
282 1820 410 1876 calamos
425 1836 503 1877 unco
518 1837 685 1894 percurrere
699 1818 802 1892 labro;

120 1907 199 1966 unde
215 1909 301 1966 etiam
317 1910 416 1984 vigiles
430 1928 509 1967 nunc
525 1910 598 1967 haec
613 1919 736 1984 accepta
750 1918 868 1967 tuentur
959 1917 962 1920 ’

121 2009 151 2057 et
164 2017 318 2057 numerum
332 2018 444 2057 servare
459 2019 561 2058 recens
577 1999 716 2071 didicere,
732 2017 829 2074 neque
844 1999 904 2057 hilo

120 2090 260 2147 maiorem
274 2090 385 2148 interea
398 2090 518 2164 capiunt
532 2090 689 2148 dulcedini’
705 2091 831 2147 fructum
963 2109 1026 2156 1410

120 2198 209 2254 quam
223 2181 349 2238 silvestre
364 2198 456 2255 genus
470 2181 605 2255 capiebat
619 2181 835 2255 terrigenarum.

119 2289 188 2328 nam
206 2270 286 2345 quod
301 2269 384 2328 adest
398 2282 523 2345 praesto,
538 2271 593 2328 nisi
608 2270 678 2345 quid
694 2270 885 2344 cognovimus
900 2279 967 2327 ante

120 2362 243 2432 suavius,
259 2361 401 2436 inprimis
416 2361 513 2436 placet
527 2370 556 2419 et
570 2361 680 2436 pollere
695 2361 817 2432 videtur,

120 2452 321 2527 posteriorque
336 2453 395 2509 sere
410 2452 512 2509 melior
524 2469 570 2508 res
585 2451 632 2508 illa
645 2462 760 2526 reperta

120 2540 216 2616 perdit
230 2550 259 2599 et
273 2542 406 2599 immutat
421 2560 522 2599 sensus
536 2540 575 2598 ad
589 2541 709 2616 pristina
723 2557 869 2616 quaeque.
963 2557 1023 2609 1415

122 2630 164 2688 sic
179 2630 279 2688 odium
294 2632 393 2706 coepit
407 2631 528 2706 glandis,
545 2632 586 2689 sic
601 2632 648 2689 illa
661 2632 759 2689 relicta

122 2731 209 2779 strata
223 2722 329 2779 cubilia
343 2731 410 2779 snnt
424 2723 520 2781 herbis
535 2732 565 2780 et
578 2721 728 2779 frondibus
743 2730 837 2778 aucta.

121 2811 204 2886 pellis
219 2811 289 2868 item
304 2811 411 2884 cecidit
425 2814 512 2870 vestis
527 2821 697 2886 contempta
711 2813 839 2882 ferinae;

122 2919 212 2975 quam
226 2919 293 2959 reor
306 2901 415 2959 invidia
428 2903 477 2958 tali
491 2912 562 2959 tunc
577 2920 641 2960 esse
656 2911 811 2976 repertam,

121 3001 155 3050 ut
168 2991 258 3049 letum
272 2991 382 3049 insidiis
397 2992 447 3066 qui
461 2993 548 3066 gessit
562 2992 672 3066 primus
686 2992 789 3062 obiret,
964 3008 1026 3055 1420

122 3091 152 3139 et
165 3091 264 3139 tamen
278 3082 353 3138 inter
366 3099 416 3138 eos
431 3080 598 3139 distractam
612 3082 752 3157 sanguine
766 3081 858 3138 multo

122 3171 285 3246 disperiisse
301 3189 397 3246 neque
412 3173 440 3229 in
455 3173 579 3230 fructum
595 3181 764 3230 convertere
778 3172 884 3245 quisse.

121 3270 193 3319 tunc
207 3261 292 3336 igitur
305 3262 404 3337 pelles,
419 3280 497 3320 nunc
512 3280 614 3320 aurum
629 3271 659 3319 et
672 3280 800 3336 purpura
814 3261 890 3318 curis

122 3361 261 3410 exercent
274 3352 424 3410 hominum
439 3352 528 3410 vitam
542 3352 677 3426 belloque
692 3352 831 3426 fatigant;

122 3460 184 3518 quo
198 3442 289 3522 magis
302 3442 333 3500 in
346 3443 440 3515 nobis,
454 3452 487 3501 ut
500 3443 613 3518 opinor,
627 3443 714 3518 culpa
726 3439 843 3501 resedit.
964 3454 1026 3511 ¹4²5

559 3549 587 3584 12
