2498 3894
120 247 186 295 200
455 248 685 304 LUCRETIUS
958 249 1028 323 [VI.

123 424 191 465 cum
206 424 285 465 mare
299 417 467 483 permotum
480 408 573 468 ventis
587 409 643 468 mit
658 409 735 469 intus
749 409 908 486 harenam3

122 515 182 571 quo
197 498 230 555 fit
244 499 285 555 uti
300 509 388 574 pacto
402 498 475 557 liber
487 500 584 558 minus
598 501 691 558 exitus
705 501 785 559 amni

123 597 152 644 et
167 588 301 662 proclivis
315 589 384 646 item
400 590 449 647 fiat
463 589 559 647 minus
573 590 699 665 impetus
713 591 808 650 undis.

122 677 155 734 fit
169 696 287 752 quoque
302 680 343 735 uti
359 678 471 753 pluviae
486 679 583 737 forsan
597 681 688 755 magis
702 679 741 738 ad
755 691 844 756 caput
857 681 885 740 ei

121 777 253 842 tempore
269 787 305 827 eo
320 771 399 839 fiant,
414 768 496 842 quod
510 770 601 827 etesia
614 770 703 828 flabra
715 773 886 846 aquilonum
980 793 1030 844 730

121 859 219 916 nubila
234 860 382 916 coniciunt
396 860 426 916 in
441 877 489 916 eas
503 869 574 917 tunc
587 860 687 917 omnia
700 862 799 935 partis.

121 949 230 1006 scilicet
245 948 283 1006 ad
298 948 426 1005 mediam
440 949 589 1024 regionem
605 950 700 1007 eiecta
714 950 773 1008 diei

121 1057 189 1095 cum
204 1048 414 1109 convenerunt,
429 1039 469 1096 ibi
483 1039 521 1096 ad
536 1041 609 1097 altos
624 1039 752 1116 denique
766 1042 875 1100 montis

120 1139 274 1186 contrusae
289 1129 382 1186 nubes
397 1139 543 1203 coguntur
556 1130 642 1203 vique
657 1141 835 1205 premuntur.

120 1219 239 1277 forsitan
253 1220 432 1293 Aethiopum
447 1219 563 1294 penitus
577 1219 615 1277 de
630 1222 778 1279 montibus
792 1222 855 1280 altis
978 1244 1009 1295 73
1012 1243 1027 1296 5

120 1320 241 1381 crescat,
256 1311 306 1367 ubi
320 1310 350 1367 in
366 1327 487 1384 campos
501 1309 581 1367 albas
595 1309 777 1370 descendere
790 1313 915 1389 ningues

119 1400 242 1457 tabificis
257 1400 362 1475 subigit
376 1399 463 1457 radiis
478 1399 522 1457 sol
536 1401 636 1458 omnia
649 1401 781 1460 lustrans.

160 1490 249 1547 Nunc
260 1509 323 1565 age,
334 1492 448 1547 Averna
456 1490 506 1547 tibi
516 1508 591 1564 quae
603 1491 660 1549 sint
671 1492 736 1549 loca
747 1511 874 1568 cumque
885 1493 1025 1570 lacusque

121 1579 287 1654 expediam,
304 1580 381 1656 quali
395 1590 497 1638 natura
511 1580 643 1655 praedita
656 1592 801 1642 constent.

118 1671 271 1745 principio,
287 1670 368 1746 quod
384 1673 498 1728 Averna
510 1681 651 1729 vocantur
665 1673 795 1745 nomine,
812 1673 845 1730 id
859 1675 897 1733 ab
910 1693 942 1734 re
978 1697 1028 1744 740

118 1762 314 1835 inpositumst,
330 1762 398 1835 qnia
412 1770 479 1819 sunt
492 1762 593 1820 avibus
608 1764 752 1820 contraria
769 1766 891 1837 cunctis,

119 1870 136 1909 e
150 1853 270 1927 regione
285 1870 320 1909 ea
334 1850 415 1926 quod
430 1852 494 1910 loca
509 1871 576 1908 cum
591 1871 697 1910 venere
712 1854 852 1927 volantes,

118 1943 222 2016 remigi
237 1943 343 2000 oblitae
358 1959 520 2016 pennarum
535 1943 599 1999 vela
612 1944 764 2001 remittunt

118 2033 349 2108 praecipitesque
365 2031 475 2089 cadunt
489 2033 567 2090 molli
583 2035 696 2091 cervice
711 2036 847 2108 profusae

118 2125 149 2180 in
163 2133 276 2192 terram,
292 2123 315 2179 si
330 2123 402 2179 forte
417 2123 457 2179 ita
471 2122 524 2179 fert
539 2134 639 2180 natura
653 2125 797 2195 locorum,
977 2145 1025 2199 745

119 2223 168 2270 aut
183 2214 209 2269 in
226 2231 341 2286 aquam,
357 2213 379 2269 si
394 2213 467 2269 sorte
481 2212 561 2269 lacus
576 2214 734 2273 substratus
749 2214 891 2272 Avemist.

118 2304 142 2360 is
157 2305 238 2360 locus
253 2313 297 2360 est
312 2303 420 2360 Cumas
435 2312 515 2377 aput,
530 2303 589 2360 acri
604 2305 719 2378 sulpure
735 2316 850 2362 montes

119 2394 230 2468 oppleti
245 2393 344 2450 calidis
358 2393 408 2450 ubi
422 2393 535 2450 sumant
548 2394 676 2452 fontibus
692 2395 778 2452 aucti.

119 2495 163 2541 est
178 2495 206 2541 et
220 2484 378 2541 Athenaeis
393 2483 422 2540 in
437 2483 600 2555 moenibus,
616 2485 688 2542 arcis
704 2485 811 2560 inipso

118 2576 236 2645 vertice,
253 2573 376 2631 Palladis
391 2572 429 2631 ad
443 2574 585 2648 templum
600 2574 758 2632 llitonidis
773 2576 876 2645 almae,
972 2596 1022 2648 750

119 2682 178 2737 quo
194 2682 354 2737 numquam
370 2665 473 2738 pennis
488 2664 637 2738 appellunt
651 2683 775 2738 corpora
788 2683 894 2724 raucae

119 2756 262 2825 cornices,
278 2772 338 2811 non
354 2773 420 2811 cum
437 2755 547 2811 fumant
562 2755 661 2811 altaria
676 2754 781 2826 donis;

119 2845 301 2917 usqueadeo
317 2845 439 2919 fugitant
455 2863 515 2901 non
530 2845 585 2901 iras
601 2845 723 2902 Palladis
737 2846 810 2903 acris

119 2935 247 3009 pervigili
262 2954 359 3006 cansa,
376 2936 496 2993 Graium
511 2943 543 2991 ut
557 2935 691 2992 cecinere
706 2945 822 3011 poetae,

119 3024 173 3082 sed
189 3034 290 3082 natura
305 3026 361 3082 loci
377 3044 434 3099 ope
450 3025 555 3082 suflicit
570 3025 633 3098 ipsa
648 3036 760 3100 suapte.
976 3045 1023 3098 755

118 3115 148 3172 in
163 3116 242 3189 Syria
256 3132 374 3189 quoqne
389 3116 477 3171 fertur
491 3116 560 3171 item
574 3116 656 3173 locus
671 3134 734 3173 esse
749 3116 848 3187 videri,

119 3204 315 3279 quadripedes
330 3222 448 3278 quoque
463 3223 522 3278 quo
537 3206 622 3262 simul
637 3224 672 3262 ac
686 3207 806 3280 vestigia
820 3206 946 3281 primum

118 3296 273 3365 intulerint,
288 3295 412 3370 graviter
425 3296 467 3352 vis
482 3306 569 3369 cogat
583 3295 741 3361 concidere
756 3296 828 3369 ipsa,

119 3386 253 3444 manibus
267 3395 299 3442 ut
312 3385 336 3442 si
352 3385 408 3442 sint
422 3384 494 3442 divis
510 3395 636 3442 mactata
648 3395 778 3459 repente.

119 3476 219 3535 omnia
233 3493 307 3549 quae
322 3475 444 3532 naturali
458 3476 568 3532 ratione
582 3485 729 3550 geruntur,
