2498 3894
122 237 182 300 130
450 231 683 286 LUCRETIUS
907 313 910 317 γ
951 227 1019 300 [IV.

117 413 169 453 sen
183 393 286 451 mulier
299 403 362 451 toto
377 393 486 450 iactans
501 410 517 449 e
532 408 656 466 corpore
670 409 810 462 amorem,

116 484 197 542 unde
210 485 319 556 feritur,
334 502 370 541 eo
385 482 479 542 tendit
492 482 637 557 gestitque
651 482 731 540 coire
959 497 1020 551 ¹055
1055 540 1074 549 Ἣ

117 585 147 633 et
161 575 255 632 iacere
270 593 403 632 umorem
417 574 447 630 in
462 591 568 647 corpus
583 573 621 630 de
638 589 763 646 corpore
777 570 908 629 ductum.

116 683 244 740 namque
258 665 436 740 voluptatem
449 663 594 738 praesagit
607 672 687 720 muta
701 661 829 743 cupide„

158 756 245 812 Haec
258 755 358 812 Venus
373 764 417 811 est
430 754 534 826 nobis;
552 753 619 810 hinc
633 761 758 810 autemst
772 769 882 809 nomen
896 751 1011 823 amoris,

117 844 186 902 hine
200 845 281 902 illaec
296 844 421 919 primum
435 843 556 900 Veneris
570 841 732 901 dulcedinis
746 842 776 899 in
790 860 842 900 cor

117 936 231 992 stillavit
244 945 325 1009 gutta
339 944 368 991 et
382 935 521 991 successit
536 932 639 1007 frigida
652 950 730 989 cura.
958 938 1022 988 1060

117 1042 184 1081 nam
200 1026 224 1082 si
238 1026 320 1082 abest
335 1024 415 1099 quod
429 1042 505 1095 aves,
520 1033 636 1097 praesto
650 1022 802 1079 simulacra
816 1032 915 1080 tamen
928 1031 997 1081 sunt

117 1115 190 1171 illius
206 1124 234 1171 et
249 1132 358 1171 nomen
373 1113 460 1171 dulce
474 1114 643 1185 obversatur
657 1111 695 1169 ad
709 1113 793 1170 auris,

118 1205 171 1262 sed
185 1205 305 1279 fugitare
320 1203 407 1261 decet
421 1204 573 1262 simulacra
588 1213 616 1260 et
630 1202 737 1276 pabula
750 1203 855 1259 amoris

118 1296 276 1353 absterrere
292 1295 346 1352 sibi
361 1305 447 1368 atque
462 1294 519 1351 alio
533 1303 702 1350 convertere
717 1301 846 1349 mentem

119 1395 148 1442 et
162 1386 256 1442 iacere
272 1402 403 1441 umorem
418 1384 585 1441 conlectum
600 1383 630 1440 in
644 1400 767 1456 corpora
780 1399 915 1457 quaeque
958 1387 1020 1454 1065

118 1492 174 1531 nec
188 1475 311 1532 retinere
336 1475 426 1532 semel
441 1492 613 1531 conversum
628 1473 712 1530 unius
727 1490 834 1543 amore,

119 1575 149 1622 et
163 1583 275 1623 servare
290 1564 322 1622 sil
339 1568 344 1579 ⁶
359 1583 458 1621 curam
473 1574 643 1639 certumque
658 1563 800 1620 dolorem.

119 1656 200 1712 uleus
215 1656 294 1712 enim
307 1655 427 1711 vivescit
441 1664 470 1711 et
484 1654 666 1712 inveterascit
680 1652 787 1710 alendo

119 1745 207 1818 inque
223 1745 284 1802 dies
299 1745 392 1819 gliscit
406 1745 483 1801 furor
498 1755 585 1818 atque
600 1762 741 1801 aerumna
754 1742 906 1817 gravescit,

119 1836 142 1892 si
157 1853 217 1891 non
231 1835 324 1908 prima
338 1835 420 1892 novis
435 1835 590 1892 conturbes
604 1835 722 1891 volnera
735 1833 825 1908 plagis
959 1851 1023 1898 1070

118 1925 327 2000 volgivagaque
341 1943 430 1999 vagus
444 1926 559 1982 Venere
574 1934 642 1982 ante
657 1925 785 1981 recentia
800 1940 882 1980 cures

119 2025 169 2072 aut
183 2016 238 2073 alio
253 2016 345 2089 possis
360 2016 450 2073 animi
465 2014 616 2072 traducere
632 2026 738 2072 motus.

160 2107 188 2163 N
192 2124 226 2162 ec
240 2106 360 2162 Veneris
375 2106 468 2162 fructu
484 2115 562 2162 caret
577 2106 663 2180 isqui
678 2105 747 2162 vitat
762 2121 900 2174 amorem,

119 2195 172 2253 sed
187 2197 282 2270 potius
297 2213 372 2270 quae
387 2206 453 2253 sunt
467 2196 529 2252 sine
544 2213 641 2269 poena
655 2195 814 2253 commoda
828 2195 933 2267 sumit3

119 2304 188 2342 nam
203 2297 281 2343 certe
295 2295 394 2360 purast
409 2286 484 2342 sanis
499 2286 590 2360 magis
606 2285 673 2342 inde
688 2286 822 2359 voluptas
959 2303 1022 2356 1075

119 2395 208 2450 quam
223 2377 342 2433 miseris.
358 2376 466 2432 etenim
481 2375 615 2450 potiundi
629 2386 762 2450 tempore
777 2376 806 2432 in
820 2375 885 2449 ipso

120 2467 240 2524 fluctuat
253 2467 369 2523 incertis
384 2467 526 2524 erroribus
540 2467 626 2522 ardor
640 2477 789 2523 amantum

119 2575 176 2614 nec
191 2566 306 2615 constat
320 2555 391 2630 quid
406 2557 530 2630 primum
546 2557 637 2613 oculis
653 2557 843 2630 manibusque
858 2556 996 2614 fruantur.

120 2647 201 2720 quod
215 2648 334 2721 petiere,
350 2656 486 2720 premunt
501 2656 560 2702 arte
577 2647 743 2720 faciuntque
759 2646 891 2703 dolorem

122 2738 251 2810 corporis
267 2747 296 2793 et
311 2736 414 2793 dentes
430 2736 554 2793 inlidunt
569 2754 656 2809 saepe
671 2736 780 2794 labellis
961 2742 1025 2793 1080

121 2828 278 2900 osculaque
293 2826 442 2901 adfligunt,
458 2827 526 2900 quia
541 2845 600 2883 non
615 2836 658 2883 est
673 2845 744 2900 pura
757 2826 890 2900 voluptas

121 2926 151 2972 et
165 2918 271 2974 stimuli
285 2918 406 2974 subsunt
419 2918 469 2991 qui
483 2917 620 2999 instigant
634 2915 748 2974 laedere
763 2915 794 2973 id
809 2917 903 2990 ipsum

121 3006 330 3080 quodcumque
346 3018 399 3079 est,
414 3008 507 3065 rabies
521 3005 600 3063 unde
615 3007 696 3062 illaec
711 3006 841 3080 germina
855 3014 984 3080 surgunt.

122 3096 173 3154 sed
188 3097 288 3154 leviter
301 3116 411 3171 poenas
426 3098 529 3171 frangit
543 3098 643 3153 Venus
658 3097 732 3152 inter
746 3114 876 3152 amorem

121 3187 287 3261 blandaque
302 3188 425 3244 refrenat
440 3205 551 3244 morsus
566 3185 694 3242 admixta
708 3185 849 3260 voluptas.
962 3192 1024 3257 1085

121 3296 248 3351 namque
264 3279 292 3334 in
308 3296 344 3334 eo
360 3295 425 3351 spes
441 3286 492 3347 est,
508 3276 586 3333 unde
603 3285 646 3332 est
660 3275 769 3332 ardoris
785 3276 875 3350 origo,

121 3368 259 3441 restingui
273 3385 391 3441 quoque
406 3385 491 3441 posse
506 3367 543 3424 ab
558 3365 664 3422 eodem
680 3384 803 3440 corpore
817 3366 974 3424 flammam.

123 3458 204 3532 quod
219 3458 280 3514 fieri
294 3467 396 3515 contra
410 3468 503 3516 totum
518 3467 619 3514 natura
632 3467 795 3532 repugnat;
