2498 3894
180 257 241 335 136
496 266 726 322 nuenarius
1014 265 1082 338 [iv.

174 428 206 487 id
220 447 338 504 quoque
353 416 504 505 permagni
519 428 623 500 refert3
645 446 712 485 nani
728 445 809 486 more
824 428 948 486 serarum

175 519 459 594 quadrupedumque
474 520 565 593 magis
579 520 634 575 ritu
648 519 820 594 plerumque
835 529 972 593 putantur
1016 525 1080 591 1265

174 611 330 684 concipere
345 628 459 680 uxores,
474 609 542 684 quia
556 609 598 666 sic
612 609 678 666 loca
692 627 805 667 sumere
820 619 951 684 possunt,

174 700 342 775 pectoribus
356 700 466 774 positis
482 699 601 757 sublatis
615 699 727 756 semina
741 698 856 756 lumbis

175 808 231 848 nec
246 790 347 846 molles
362 789 430 863 opu’
447 799 513 846 sunt
527 799 624 846 motus
638 789 776 847 uxoribus
791 789 890 846 hilum.

174 899 243 938 nam
258 880 360 937 mulier
373 879 507 954 prohibet
522 897 552 937 se
568 879 723 952 concipere
738 889 825 952 atque
840 889 991 954 repugnat,

175 970 308 1027 clunibus
323 970 385 1043 ipsa
398 969 449 1026 viri
463 969 608 1026 Venerem
623 970 647 1025 si
662 969 737 1025 laeta
750 978 883 1027 retractat
1018 989 1083 1035 1270

175 1070 262 1134 atque
278 1068 412 1116 exossato
428 1059 485 1115 ciet
500 1059 580 1115 omni
595 1069 714 1132 pectore
729 1058 853 1131 fluctus3

175 1150 243 1207 eicit
257 1150 336 1206 enim
351 1149 463 1207 sulcum
478 1157 558 1205 recta
572 1149 690 1222 regione
705 1149 809 1222 viaque

173 1240 299 1298 vomeris
314 1249 401 1313 atque
416 1239 488 1296 locis
502 1239 603 1296 avertit
618 1239 735 1295 seminis
750 1239 850 1296 ictum.
1067 1261 1080 1286 κ

174 1329 263 1404 idque
279 1348 330 1386 sua
344 1347 432 1385 causa
446 1338 624 1386 consuerunt
638 1338 734 1385 scorta
748 1328 867 1399 moveri,

174 1438 212 1477 ne
227 1419 442 1492 complerentur
455 1419 558 1476 crebro
573 1417 767 1492 gravidaeque
783 1419 910 1477 iacerent
1018 1432 1095 1493 ¹²⁷5*

175 1518 204 1566 et
217 1508 302 1566 simul
317 1509 378 1582 ipsa
392 1508 458 1564 viris
472 1508 572 1564 Venus
586 1517 618 1565 ut
632 1508 805 1565 concinnior
818 1519 915 1582 esset;

174 1598 348 1673 coniugibus
363 1597 444 1672 quod
458 1597 498 1653 nil
512 1598 615 1654 nostris
630 1616 704 1673 opus
719 1617 783 1656 esse
796 1599 920 1658 videtur.

216 1689 281 1745 Nec
296 1687 432 1745 divinitus
447 1686 591 1745 interdum
606 1688 787 1763 Venerisque
802 1690 911 1765 sagittis

174 1776 317 1835 deteriore
332 1778 364 1834 fit
378 1788 410 1835 ut
423 1778 515 1835 sorma
529 1777 697 1835 muliercula
710 1789 830 1851 ametur.

173 1885 243 1925 nam
257 1868 325 1924 facit
339 1868 402 1942 ipsa
416 1868 473 1924 suis
488 1866 634 1925 interdum
649 1869 757 1925 femina
771 1869 852 1926 factis
1018 1876 1082 1928 1280

174 1958 382 2031 morigerisque
397 1957 493 2014 modis
508 1968 538 2014 et
552 1957 662 2014 munde
677 1976 800 2032 corpore
816 1958 904 2029 cult0‚

174 2056 206 2104 ut
220 2047 302 2103 facilc
318 2047 462 2105 insuescat
477 2058 504 2106 te
519 2066 620 2107 secum
635 2047 741 2122 degere
756 2049 853 2105 vitam.

175 2136 256 2211 quod
271 2147 411 2211 superest,
427 2138 609 2194 consuetudo
624 2138 782 2195 concinnat
797 2156 947 2210 amorem3

174 2245 241 2283 nam
257 2227 356 2284 leviter
370 2228 500 2302 quamvis
515 2226 596 2301 quod
611 2229 713 2284 crebro
728 2227 859 2284 tunditur
872 2228 943 2298 ictu,

174 2317 298 2374 vincitur
313 2319 342 2374 in
356 2317 444 2390 longo
459 2318 553 2391 spatio
568 2328 665 2374 tamen
681 2328 768 2391 atque
783 2318 911 2376 labascit.
1018 2326 1080 2390 1285

174 2425 274 2465 nonne
288 2407 369 2465 vides
384 2408 470 2464 etiam
485 2417 580 2480 guttas
595 2408 624 2463 in
639 2426 708 2464 saxa
722 2407 854 2466 cadentis

175 2498 282 2557 umoris
296 2498 384 2574 longo
398 2498 428 2554 in
442 2498 536 2573 spatio
551 2498 726 2573 pertundere
742 2499 831 2556 saxa?

1081 1286 1100 1326 ἱ
