2498 3894
129 233 190 297 116
464 245 695 300 LUCRETIUS
961 245 1028 317 [1v.

123 407 210 484 plane
225 405 354 486 exaudiri
369 405 553 480 discernique
568 405 760 479 articulatim3
890 400 896 415 '
981 424 1029 478 555

124 511 217 559 servat
230 501 309 558 enim
323 501 508 558 formaturam
524 507 674 572 servatque
688 497 821 572 figuram.

123 601 152 648 at
166 592 190 649 si
204 591 406 665 interpositum
421 591 546 664 spatium
561 588 597 646 sit
609 589 724 663 longius
738 605 844 662 aequo,

123 681 191 738 aiira
204 699 256 755 per
270 681 393 738 multum
408 679 549 738 confundi
563 679 653 737 verba
666 688 816 736 necessest

122 779 153 828 et
167 771 330 828 conturbari
345 788 459 842 vocem,
474 769 546 826 dum
560 768 716 826 transvolat
729 786 821 826 auras.

123 876 192 935 ergo
207 861 247 930 fit,
263 861 390 918 sonitum
404 870 437 917 ut
450 859 542 933 possis
557 859 663 916 sentire
678 876 775 932 neque
791 859 867 916 illam

122 951 327 1021 internoscere,
341 951 496 1007 verborum
510 949 655 1006 sententia
669 966 745 1022 quae
760 949 815 1006 sit:

121 1059 215 1116 usque
229 1039 305 1098 adeo
320 1040 442 1098 confusa
455 1039 534 1096 venit
547 1057 605 1096 vox
618 1039 708 1112 inque
723 1037 831 1112 pedite.

122 1142 272 1206 praeterea
286 1131 405 1188 verbum
421 1147 508 1203 saepe
523 1147 614 1186 unum
628 1129 740 1203 perciet
754 1129 830 1186 auris

122 1222 257 1279 omnibus
272 1221 301 1278 in
316 1221 436 1295 populo,
451 1220 571 1276 missum
586 1219 739 1294 praeconis
754 1219 791 1279 ab
806 1237 866 1278 ore.

121 1311 152 1368 in
166 1311 269 1369 multas
284 1311 368 1386 igitur
383 1327 471 1367 voces
485 1327 542 1366 vox
556 1327 615 1366 una
628 1319 749 1384 repente

122 1401 243 1476 diffugit,
259 1402 287 1458 in
302 1401 395 1475 privas
408 1399 547 1475 quoniam
562 1417 593 1456 se
609 1397 712 1457 dividit
727 1399 802 1457 auris

121 1492 276 1566 obsignans
290 1493 413 1549 formam
427 1491 507 1548 verbi
521 1490 689 1564 clarumque
704 1507 851 1548 sonorem.

121 1591 151 1638 at
165 1600 238 1656 quae
253 1601 319 1656 pars
332 1600 439 1639 vocum
454 1599 516 1638 non
530 1579 605 1637 auris
619 1579 722 1638 incidit
736 1580 822 1656 ipsaS,

120 1674 291 1747 praeterlata
306 1674 380 1748 perit
394 1673 496 1729 frustra
511 1670 616 1728 diffusa
629 1688 682 1746 per
696 1689 787 1728 auras.

120 1779 186 1836 pars
201 1762 299 1820 solidis
313 1762 404 1820 adlisa
418 1762 488 1818 locis
502 1761 612 1818 reiecta
626 1779 764 1819 sonorem

120 1852 216 1910 reddit
230 1862 259 1910 et
274 1851 419 1909 interdurn
435 1853 585 1908 frustratur
599 1851 725 1926 imagine
739 1850 827 1909 verbi.

120 1960 195 2017 quae
209 1942 285 1999 bene
300 1960 367 1998 cum
382 1940 490 2012 videas,
505 1942 649 1999 rationem
663 1941 787 1999 reddere
802 1941 895 2016 possis

119 2041 180 2091 tute
195 2032 246 2088 tibi
260 2041 347 2106 atque
362 2033 432 2102 aliis,
447 2050 506 2106 quo
520 2041 608 2107 pacto
622 2050 675 2107 per
688 2032 753 2090 loca
767 2032 828 2089 sola

120 2140 188 2180 saxa
202 2122 276 2195 paris
291 2123 396 2180 formas
411 2122 564 2180 verborum
580 2142 617 2180 ex
631 2122 733 2180 ordine
748 2120 881 2194 reddant,

119 2212 241 2286 palantis
255 2213 378 2269 comites
393 2230 484 2286 quom
498 2214 606 2271 montis
621 2214 696 2271 inter
711 2230 821 2287 opacos

120 2303 283 2376 quaerimus
299 2311 328 2359 et
342 2321 447 2376 magna
462 2301 610 2375 dispersos
624 2321 698 2361 voce
714 2304 834 2360 ciemuS.

120 2409 171 2449 sex
185 2393 273 2449 etiam
288 2402 337 2449 aut
352 2403 465 2466 septem
479 2393 546 2449 loca
560 2393 619 2450 vidi
634 2392 759 2451 reddere
773 2393 863 2464 vocis,

118 2500 207 2538 unam
222 2501 290 2539 cum
305 2483 432 2539 iaceres:
456 2483 495 2539 ita
510 2484 599 2540 colles
614 2484 735 2541 collibus
751 2483 804 2558 ipsi

118 2574 206 2630 verba
218 2573 397 2647 repulsantes
412 2573 554 2631 iterabant
569 2573 658 2631 docta
670 2574 776 2631 referri.

119 2662 193 2719 haec
206 2663 272 2719 loca
285 2662 457 2737 capripedes
472 2675 581 2739 satyros
597 2664 799 2738 nymphasque
814 2672 913 2720 tenere

118 2752 232 2809 finitimi
248 2753 361 2826 fingunt
376 2763 406 2810 et
420 2755 523 2811 faunos
538 2772 601 2811 esse
617 2753 752 2810 locuntur

119 2859 242 2915 quorum
258 2844 412 2917 noctivago
428 2844 549 2917 strepitu
564 2843 693 2918 ludoque
709 2843 816 2900 iocanti

118 2932 274 2989 adfirmant
288 2934 373 3007 volgo
389 2934 530 2990 taciturna
544 2934 656 2991 silentia
670 2934 764 3008 rumpi

119 3022 353 3097 chordarumque
368 3043 456 3081 sonos
471 3024 533 3081 fieri
548 3024 700 3097 dulcisque
713 3023 863 3099 querellas,

118 3113 188 3171 tibia
202 3132 274 3187 quas
289 3113 383 3171 fundit
398 3114 494 3188 digitis
508 3115 620 3188 pulsata
634 3124 800 3186 canentum,

100 3202 102 3206 ⁸
119 3213 149 3261 et
162 3222 253 3278 genus
268 3205 425 3277 agricolum
441 3204 497 3261 late
514 3205 679 3275 sentiscere,
696 3223 786 3278 quom
801 3205 863 3263 Pan

118 3293 207 3367 pinea
220 3295 345 3351 semileri
360 3295 461 3368 capitis
476 3294 620 3351 velamina
634 3312 775 3368 quassans

118 3402 197 3441 unco
211 3401 299 3457 saepe
314 3384 393 3442 labro
408 3384 534 3441 calamos
548 3386 687 3458 percurrit
701 3385 815 3456 hiantis,

119 3473 214 3532 fistula
227 3473 386 3532 silvestrem
401 3492 438 3531 ne
453 3483 547 3531 cesset
561 3474 682 3532 fundere
697 3494 819 3534 musam.
