2498 3894
127 187 192 259 vt]
369 189 424 241 DE
450 189 597 244 RERUM
621 191 795 247 NATURA
973 198 1033 265 197

125 347 240 423 largiter
253 348 283 406 in
297 358 378 407 tanto
393 351 487 424 spatio
501 360 599 409 tamen
612 353 722 412 auferet
736 354 831 414 undis.

125 448 187 498 tum
202 458 290 515 porro
304 441 383 497 venti
398 459 517 516 quoque
533 460 668 517 magnam
682 445 783 503 tollere
798 455 912 521 partem

124 531 233 587 umoris
248 541 371 603 possunt
384 541 530 589 verrentes
545 550 681 606 aequora,
697 536 792 594 ventis

124 638 183 677 una
197 630 284 678 nocte
299 621 359 678 vias
373 622 511 694 quoniam
526 640 668 698 persaepe
682 624 816 685 videmus
982 635 1030 701 ⁶²5

124 710 226 768 siccari
239 710 390 784 mollisque
404 711 455 768 luti
469 730 658 771 concrescere
673 724 792 774 crustas.

123 809 274 875 praeterea
287 800 375 857 docui
390 802 511 858 multum
526 819 645 877 quoque
659 803 759 862 tollere
773 806 868 865 nubes

123 909 256 948 umorem
271 908 378 965 magno
393 901 570 966 conceptum
585 910 621 950 ex
638 911 765 966 aequore
779 896 863 970 ponti

124 992 154 1037 et
168 981 275 1055 passim
289 990 352 1038 toto
367 992 506 1039 terrarum
521 1000 656 1057 spargere
671 984 701 1040 in
715 984 788 1056 orbi,

123 1088 192 1128 cum
206 1070 279 1145 pluit
292 1070 323 1128 in
337 1071 418 1129 terris
432 1081 462 1128 et
475 1073 554 1129 venti
569 1072 668 1129 nubila
682 1083 808 1148 portant.
978 1083 1028 1147 630

122 1171 273 1236 postremo
288 1162 426 1235 quoniam
441 1181 505 1220 raro
520 1181 589 1219 cum
603 1181 727 1237 corpore
742 1164 826 1222 tellus

123 1260 176 1322 est,
192 1260 222 1310 et
235 1251 429 1323 coniunctast,
444 1270 509 1309 oras
524 1253 609 1310 maris
624 1252 755 1328 undique
769 1255 898 1329 cingens,

122 1341 223 1416 debet,
236 1351 268 1400 ut
281 1341 311 1398 in
325 1361 403 1398 mare
418 1341 456 1399 de
470 1343 551 1401 terris
564 1344 643 1401 venit
656 1361 743 1402 umor
755 1346 850 1419 aquai,

121 1431 152 1489 in
166 1441 255 1490 terras
269 1431 370 1489 itidem
385 1451 502 1490 manare
517 1451 553 1490 ex
567 1451 694 1508 aequore
708 1434 803 1507 sals0;

121 1522 287 1597 percolatur
300 1523 379 1580 enim
393 1523 469 1580 virus
482 1532 619 1598 retroque
633 1533 766 1582 remanat
976 1533 1023 1598 6³5

122 1614 255 1671 materies
269 1613 377 1671 umoris
392 1622 421 1671 et
434 1612 473 1671 ad
487 1623 576 1688 caput
588 1615 722 1673 amnibus
737 1615 833 1673 omnis

47 1723 55 1734 ·
122 1704 252 1775 confluit,
267 1703 336 1761 inde
351 1721 437 1779 super
451 1713 539 1762 terras
553 1703 628 1762 redit
641 1706 757 1780 agmine
772 1705 852 1763 dulci

122 1811 180 1868 qua
193 1794 239 1851 via
253 1804 333 1852 secta
346 1794 437 1851 semel
451 1793 561 1868 liquido
575 1794 652 1869 pede
667 1794 770 1853 detulit
783 1794 902 1874 undas]

163 1884 251 1942 Nunc
265 1886 338 1942 ratio
352 1903 427 1959 quae
443 1885 487 1957 sit,
502 1902 556 1959 per
570 1885 668 1943 lauces
683 1886 790 1944 montis
803 1896 836 1944 ut
850 1888 963 1945 Aetnae

121 1974 253 2048 expirent
268 1974 349 2049 ignes
364 1973 509 2031 interdum
524 1975 637 2032 turbine
652 1984 743 2046 tant0,
975 1985 1025 2047 ⁶40

122 2064 286 2138 expediam.
302 2083 397 2138 neque
413 2064 493 2121 enim
507 2065 649 2122 mediocri
663 2064 748 2122 clade
762 2075 864 2123 coorta

121 2154 257 2212 flammea
270 2162 429 2229 tempestas
445 2154 575 2212 Siculum
591 2153 743 2212 dominata
755 2172 808 2230 per
821 2174 905 2232 agros

121 2245 251 2303 finitimis
265 2244 303 2302 ad
318 2263 349 2302 se
363 2245 506 2302 convertit
520 2245 654 2319 gentibus
668 2263 728 2316 ora,

121 2334 232 2393 fumida
245 2353 313 2391 cum
328 2335 399 2392 caeli
415 2334 568 2392 scintillare
583 2335 682 2393 omnia
695 2334 805 2409 templa

122 2434 274 2482 cernentes
288 2424 394 2499 pavida
408 2424 596 2498 complebant
609 2434 730 2498 pectora
743 2443 812 2483 cura
972 2433 1003 2494 64
1007 2447 1020 2496 5

121 2514 193 2588 quid
207 2515 354 2572 moliretur
367 2532 462 2572 rerum
477 2524 580 2571 natura
593 2532 743 2585 novarum.

162 2605 254 2663 Hisce
269 2605 322 2663 tibi
336 2605 366 2662 in
380 2605 466 2663 rebus
480 2605 564 2662 latest
577 2604 692 2678 alteque
707 2602 869 2664 videndum

121 2705 151 2753 et
164 2696 250 2770 longe
264 2705 384 2753 cunctas
399 2695 429 2752 in
443 2695 532 2770 partis
547 2693 772 2770 dispiciendum,

120 2796 152 2844 ut
166 2786 357 2844 reminiscaris
371 2804 515 2844 summam
529 2803 625 2843 rerum
639 2803 703 2843 esse
717 2784 894 2860 profundam

120 2885 149 2934 et
162 2877 261 2934 videas
275 2877 388 2934 caelum
403 2875 526 2934 summai
540 2877 628 2934 totius
641 2894 733 2933 unum
972 2881 1022 2948 65ο

119 2984 208 3041 quam
222 2967 258 3024 sit
271 2966 389 3041 parvula
402 2984 467 3041 pars
482 2975 511 3023 et
525 2984 612 3041 quam
626 2965 790 3023 multesima
804 2974 927 3038 constet,

119 3075 175 3114 nec
190 3067 251 3115 tota
265 3075 340 3132 pam,
355 3056 445 3115 homo
460 3057 544 3114 terrai
559 3065 650 3131 quota
663 3056 751 3114 totius
765 3074 849 3115 unus.

120 3146 201 3221 quod
215 3147 291 3205 bene
306 3147 488 3222 propositum
501 3147 525 3202 si
539 3147 625 3221 plane
640 3156 797 3204 contueare
845 3183 847 3187 ν

119 3255 154 3294 ac
167 3235 268 3295 videas
282 3236 379 3312 plane,
393 3236 489 3294 mirari
503 3237 593 3293 multa
606 3237 760 3311 relinquas,

120 3327 257 3402 numquis
271 3327 351 3384 enim
365 3337 495 3385 nostrum
510 3327 628 3384 miratur
641 3327 729 3402 siquis
743 3327 774 3385 in
787 3336 864 3386 artus
972 3333 1019 3398 655

118 3417 234 3493 accepit
247 3417 343 3475 calido
356 3417 459 3476 febrim
472 3417 583 3475 fervore
597 3429 728 3476 coortam
