2498 3894
171 229 213 291 80
501 242 733 296 LUCRETIUS
999 243 1072 314 [ΙΙΙ.

184 352 199 383 ιζ

170 409 210 471 ut,
225 400 352 460 lacerato
366 402 453 460 oculo
469 401 578 458 circum
594 401 618 460 si
631 402 741 477 pupula
755 401 861 460 mansit

170 492 334 564 incolumis,
349 501 405 550 stat
419 492 561 550 cernundi
574 493 668 550 vivata
681 501 821 567 potestas,

170 581 334 640 dummodo
348 601 387 640 ne
401 593 495 640 toturn
510 600 679 657 corrumpas
693 583 809 640 luminis
823 583 925 642 orbem

170 682 200 730 et
215 672 324 729 circum
339 672 445 730 caedas
459 674 552 730 aciem
567 672 717 747 solamque
732 674 896 748 relinquas;

170 762 202 820 id
216 781 334 864 quoque
348 764 427 820 enim
441 764 503 820 sine
518 764 645 837 pernicie
660 782 721 821 non
735 764 786 823 fiet
800 756 935 823 et'orbei.

171 862 201 910 at
214 854 237 910 si
251 863 313 910 tant
302 854 361 911 tula
373 872 440 929 pars
454 854 532 910 oculi
546 853 644 911 media
659 854 706 911 illa
719 872 822 929 peresa
836 864 889 925 est,

171 942 280 1000 occidit
294 945 442 1018 extemplo
457 944 556 1001 lumen
550 944 767 1039 tenebraeque
782 955 927 1016 secuntur,

171 1033 324 1091 incolumis
338 1034 469 1108 quamvis
483 1007 591 1108 aliquoi
606 1035 642 1092 sit
656 1034 826 1109 splendidus
840 1035 927 1093 orbis
1025 1056 1072 1107 415

172 1123 230 1182 hoc
244 1124 341 1180 anima
354 1134 441 1198 atque
457 1125 569 1217 animus
584 1124 663 1182 vinct
664 1125 673 1181 i
687 1135 754 1182 sunt
743 1124 887 1183 tfoedere
901 1143 1025 1200 semper.

212 1215 301 1272 Nunc
316 1232 379 1289 age,
394 1190 506 1272 nativos
520 1215 714 1273 animantibus
729 1225 759 1272 et
772 1215 900 1274 mortalis

98 1296 103 1305 ¹
171 1323 235 1362 esse
249 1305 362 1362 animos
376 1305 545 1379 animasque
560 1306 630 1363 levis
645 1314 677 1362 ut
690 1323 814 1363 noscere
828 1305 933 1381 possis,

172 1396 335 1469 conquisita
349 1394 400 1452 diu
415 1394 552 1469 dulcique
566 1404 680 1469 reperta
694 1385 793 1454 labore

172 1485 261 1560 digna
275 1495 324 1542 tua
337 1503 456 1560 pergam
472 1485 627 1560 disponere
643 1487 772 1544 carmina
786 1504 864 1544 cura.
1025 1509 1075 1555 420

172 1585 202 1633 tu
218 1575 263 1632 lac
276 1585 506 1650 utrumque-uno
521 1577 575 1633 sub
590 1576 692 1650 iungas
708 1577 827 1634 nomine
842 1593 953 1649 eorum,

171 1675 259 1740 atque
274 1666 400 1723 animam
414 1666 494 1724 verbi
508 1684 677 1724 causacum
693 1666 790 1724 dicere
805 1685 936 1742 pergam,

171 1756 323 1813 mortalem
339 1773 402 1813 esse
416 1755 538 1828 docem,
553 1757 683 1813 animum
698 1774 817 1831 quoque
833 1757 931 1816 dicere
948 1757 1060 1831 credas,

171 1854 314 1920 quatenus
329 1855 372 1903 est
386 1864 477 1904 unum
492 1847 566 1904 inter
579 1834 610 1904 se
625 1848 842 1921 coniunctaque
855 1865 902 1907 res
917 1858 970 1907 est

133 1988 140 2007 „
170 1936 314 2011 principio
329 1937 467 2010 quoniam
482 1947 600 1994 tenuem
616 1947 748 1994 constare
763 1938 880 1997 minutis
1024 1958 1073 2011 4²5

171 2026 341 2101 corporibus
356 2025 445 2084 docui
460 2028 609 2101 multoque
624 2027 784 2085 minoribus
799 2045 862 2085 esse

170 2117 319 2191 principiis
333 2117 439 2174 factam
453 2134 542 2191 quarn
555 2116 681 2190 liquidus
696 2136 780 2175 umor
794 2118 880 2191 aquai

171 2215 220 2263 aut
234 2206 340 2264 nebula
354 2216 404 2264 aut
418 2207 513 2264 fumus
525 2229 531 2264 ι
542 2225 658 2264 —nam
673 2207 758 2282 longe
774 2208 934 2266 mobilitate

170 2306 297 2371 praestat
311 2307 340 2354 et
353 2315 371 2354 a
384 2297 465 2354 tenui
479 2316 566 2354 causa
580 2298 671 2372 magis
686 2298 744 2354 icta
758 2308 909 2371 movetur;

172 2388 281 2461 quippe
294 2387 345 2446 ubi
360 2388 531 2462 imaginibus
546 2388 617 2445 fumi
631 2388 815 2462 nebulaeque
830 2399 981 2446 movetur:
1023 2411 1074 2461 430

171 2479 254 2553 quod
268 2497 359 2553 genus
374 2479 404 2535 in
418 2482 528 2536 somnis
542 2479 628 2552 sopiti
642 2480 692 2536 ubi
707 2480 852 2537 cernimus
866 2480 923 2538 alte

171 2568 305 2626 exhalare
319 2587 457 2649 vaporem
472 2569 569 2626 altaria
583 2570 715 2643 ferreque
731 2570 861 2642 fumum3

170 2677 239 2715 narn
253 2661 356 2733 procul
370 2659 437 2716 hinc
453 2658 543 2717 dubio
557 2659 641 2716 nobis
655 2659 808 2717 simulacra
821 2669 965 2734 genuntur
975 2682 981 2719 :
993 2693 1034 2704 -

170 2767 250 2805 nunc
264 2749 349 2823 igitur
362 2750 501 2823 quoniam
516 2749 657 2823 quassatis
670 2748 801 2824 undique
815 2751 890 2809 vasis

84 2857 87 2863 ·
171 2837 301 2895 diffluere
317 2857 448 2897 umorem
463 2849 492 2896 et
506 2840 621 2897 laticem
635 2839 787 2898 discedere
801 2841 895 2899 cernis
1024 2861 1072 2913 435

171 2938 200 2985 et
211 2929 318 2986 nebula
332 2948 366 2985 ac
381 2930 476 2986 fumus
490 2930 630 3003 quoniam
645 2929 771 2988 discedit
784 2931 814 2988 in
829 2950 921 3002 auras

171 3017 259 3075 crede
273 3019 399 3075 animam
414 3037 533 3093 quoque
548 3019 671 3077 diffundi
686 3021 837 3094 multoque
851 3021 944 3095 perire

170 3108 253 3166 ocius
268 3118 297 3165 et
311 3109 393 3166 citius
408 3108 525 3166 dissolvi
538 3109 569 3167 in
583 3128 705 3184 corpora
719 3111 821 3185 prima,

171 3217 239 3256 cum
253 3199 344 3256 semel
358 3217 395 3256 ex
409 3198 535 3257 bominis
548 3200 686 3258 membris
700 3201 795 3258 ablata
808 3201 936 3259 recessit.

171 3289 281 3364 quippe
295 3290 404 3347 etenim
418 3307 534 3364 corpus,
545 3289 627 3363 quod
640 3309 690 3348 vas
704 3291 787 3364 quasi
801 3292 930 3349 constitit
943 3292 1014 3364 eius,
1023 3314 1073 3361 440

171 3392 260 3454 quarn
275 3380 412 3438 cohibere
427 3381 528 3454 nequit
542 3391 769 3454 conquassatum
783 3398 820 3438 ex
833 3382 930 3456 aliqua
943 3401 974 3440 re

172 3488 207 3528 ac
221 3470 393 3528 rarefactum
407 3469 539 3528 detracto
554 3471 692 3544 sanguine
706 3471 797 3544 venis,
