2498 3894
173 222 235 294 rv.]
411 223 638 278 ornanum
663 224 835 295 nurum
1013 227 1069 309 r31

170 401 288 458 unaque
296 401 342 442 res
353 383 427 441 haec
437 393 489 456 est,
501 385 582 442 cuius
592 403 682 460 quom
692 404 780 460 quam
789 386 913 461 plurima
921 386 1072 457 habemus

170 482 233 531 tum
248 474 339 548 magis
353 473 477 533 ardescit
491 474 553 532 dira
567 475 734 550 cuppedine
749 487 862 551 pectus.
1009 499 1073 551 1090

170 582 239 621 nam
253 564 335 621 cibus
349 574 436 639 atque
451 584 535 623 umor
549 567 686 624 membris
701 566 862 624 adsumitur
874 568 971 641 intus;

171 671 246 728 quae
261 655 400 728 quoniam
415 664 507 712 certas
522 666 644 730 possunt
658 656 793 714 obsidere
808 658 904 732 partis,

171 743 228 802 hoe
243 744 326 800 facile
341 745 473 818 expletur
486 745 605 803 laticum
619 747 791 821 frugumque
806 747 924 822 cupido.

171 852 208 892 ex
222 834 346 891 hominis
360 853 430 892 vero
444 836 518 893 facie
533 836 713 911 pulchroque
728 837 826 896 colore

170 925 211 982 nil
224 925 308 983 datur
322 925 352 982 in
366 944 472 1000 corpus
487 937 601 1000 praeter
615 927 767 985 simulacra
784 927 939 987 fruendum
1010 948 1071 1002 ¹095

170 1015 285 1086 tenvia3
300 1033 375 1090 quae
389 1026 477 1074 vento
492 1035 558 1091 spes
572 1026 680 1092 raptast
693 1036 780 1093 saepe
796 1019 912 1077 misella.

170 1115 202 1162 ut
216 1105 314 1163 bibere
329 1106 359 1162 in
373 1107 483 1163 somnis
498 1107 595 1165 sitiens
610 1125 699 1182 quom
716 1109 826 1181 quaerit
840 1118 869 1165 et
884 1128 969 1167 umor

170 1212 231 1252 non
244 1194 338 1266 datur,
353 1196 488 1253 ardorem
503 1197 553 1270 qui
568 1198 705 1255 membris
720 1199 864 1272 stinguere
879 1200 980 1272 possit,

170 1284 224 1343 sed
237 1284 356 1342 laticum
371 1286 523 1344 simulacra
535 1287 608 1360 petit
622 1288 782 1362 frustraque
796 1288 907 1346 laborat

170 1376 200 1434 in
214 1375 372 1450 medioque
387 1376 445 1433 sitit
459 1377 577 1434 torrenti
593 1377 711 1434 flumine
725 1389 838 1452 potans,
1013 1401 1075 1436 1100

170 1466 212 1523 sic
227 1466 257 1522 in
272 1483 373 1523 amore
387 1467 488 1524 Venus
503 1467 662 1525 simulacris
677 1467 750 1525 ludit
763 1468 887 1525 amantis

169 1573 226 1613 nec
240 1556 343 1613 satiare
357 1565 469 1630 queunt
483 1557 645 1631 spectando
660 1576 783 1632 corpora
797 1576 896 1616 coram

89 1677 91 1682 ·
170 1663 227 1704 nec
242 1646 376 1705 manibus
393 1648 551 1722 quicquam
565 1648 671 1706 teneris
685 1648 825 1706 abradere
840 1648 978 1707 membris

171 1746 294 1812 possunt
309 1748 436 1795 errantes
450 1738 552 1796 incerti
567 1757 689 1812 corpore
704 1749 774 1796 tot0.

172 1827 301 1902 denique
316 1847 384 1886 curn
399 1829 536 1886 membris
552 1829 673 1886 conlatis
688 1829 757 1886 flore
772 1830 904 1887 fruuntur
1013 1847 1074 1900 1105

172 1919 282 1989 aetatis,
298 1919 356 1975 iam
371 1937 438 1976 cum
453 1919 596 1994 praesagit
610 1918 716 1993 gaudia
729 1937 836 1994 corpus

171 2018 259 2083 atque
273 2008 303 2065 in
318 2018 382 2066 eost
394 2010 495 2066 Venus
509 2019 542 2066 ut
556 2009 705 2066 muliebria
719 2020 853 2068 conserat
868 2029 942 2081 arva,

172 2099 304 2174 adfigunt
316 2098 401 2156 avide
416 2117 520 2173 corpus
535 2100 714 2174 iunguntque
729 2101 829 2158 salivas

173 2189 230 2247 oris
245 2199 274 2247 et
287 2188 426 2264 inspirant
440 2200 603 2264 pressantes
618 2189 754 2248 dentibus
769 2209 828 2262 ora,

172 2281 361 2354 nequiquam,
376 2281 516 2355 quoniam
531 2280 571 2337 nil
584 2279 653 2338 inde
669 2280 809 2338 abradere
824 2291 946 2355 possunt
1015 2302 1078 2337 1110

172 2387 230 2427 nec
244 2379 396 2445 penetrare
412 2379 442 2427 et
455 2370 534 2427 abire
548 2371 578 2427 in
592 2388 699 2445 corpus
714 2389 837 2444 corpore
852 2381 913 2429 toto
925 2391 933 2443 3

173 2479 243 2519 nam
257 2461 350 2518 sacere
365 2459 511 2519 interdum
524 2461 598 2519 velle
613 2471 643 2518 et
657 2471 765 2519 certare
779 2461 930 2521 videntur:

173 2568 267 2626 usque
281 2549 357 2608 adeo
372 2551 479 2627 cupide
494 2552 525 2609 in
538 2552 660 2609 Veneris
675 2553 866 2627 compagibus
881 2552 1010 2624 haerent,

175 2641 308 2699 membra
321 2641 477 2716 voluptatis
492 2640 563 2699 dum
577 2641 606 2699 vi
620 2642 762 2699 labefacta
776 2643 949 2716 liquescunt.

174 2730 296 2789 tandem
310 2731 360 2789 ubi
374 2750 405 2789 se
421 2731 515 2806 erupit
529 2732 624 2789 nervis
638 2732 772 2788 conlecta
786 2730 905 2806 cupid0,
1017 2751 1077 2804 1115

175 2838 264 2896 parva
277 2821 310 2878 fit
323 2821 433 2879 ardoris
447 2822 566 2879 violenti
580 2839 671 2896 pausa
684 2839 848 2896 pammper.

175 2909 245 2969 inde
259 2909 335 2968 redit
348 2912 442 2968 rabies
456 2911 562 2968 eadem
577 2921 606 2968 et
620 2911 697 2968 furor
711 2912 756 2968 ille
771 2911 878 2983 revisit,

170 3018 245 3057 ⁴cum
259 3000 314 3059 sibi
328 3000 399 3074 quid
413 3002 533 3076 cupiant
547 3001 603 3076 ipsi
617 3001 786 3075 contingere
801 3010 952 3074 quaerunt,

176 3107 234 3148 nec
247 3091 372 3165 reperire
386 3093 495 3149 malurn
509 3091 539 3149 id
555 3101 678 3164 possunt
693 3108 768 3166 quae
782 3091 918 3149 machina
931 3092 1046 3148 vincat:

177 3179 359 3255 usqueadeo
374 3182 475 3240 incerti
488 3183 642 3240 tabescunt
655 3182 772 3239 volnere
787 3198 887 3238 caeco.
1010 3201 1081 3237 *1120
1175 3257 1181 3262 ,

218 3270 304 3329 Adde
319 3271 401 3346 quod
415 3273 570 3331 absumunt
585 3272 649 3328 viris
663 3281 846 3346 pereuntque
860 3270 967 3343 labore,

179 3359 256 3419 adde
270 3361 352 3436 quod
365 3363 480 3422 alterius
495 3363 549 3421 sub
563 3372 636 3419 nutu
652 3361 767 3436 degitur
780 3370 867 3419 aetas.

179 3449 282 3512 labitur
295 3453 406 3512 interea
418 3471 465 3512 res
477 3463 509 3511 et
523 3452 701 3528 Babylonica
714 3452 796 3524 fiunt,
