2498 3894
120 197 189 268 vn]
365 198 420 251 na
445 198 591 253 annun
618 199 790 256 unauna
964 205 1026 269 203

120 358 195 431 aera,
210 357 261 433 qui
274 357 350 416 inter
365 358 425 438 auis
439 369 593 434 cumquest
607 369 770 436 terramque
784 360 906 435 locatus,

120 448 265 520 discutiat,
280 467 373 524 prope
386 449 429 507 uti
443 450 525 508 locus
540 450 587 507 hic
601 451 748 526 linquatur
760 453 863 512 inanis.

120 540 201 596 cuius
216 540 266 597 ubi
281 557 297 598 e
311 539 430 614 regione
445 540 502 598 loci
516 559 621 598 venere
636 543 777 614 volantes,

120 629 264 687 claudicat
278 630 426 705 extemplo
439 630 592 704 pinnarum
605 632 686 691 nisus
699 633 792 690 inanis

120 729 150 777 et
163 739 308 778 conamen
322 721 467 794 utrimque
480 721 589 778 alarum
603 722 737 796 proditur
750 740 847 782 omne.
976 732 1024 797 835

119 810 167 867 hic
181 810 231 868 ubi
245 811 335 868 nixari
349 820 500 885 nequeunt
513 812 703 887 insistereque
717 813 778 886 alis,

120 901 229 959 scilicet
243 901 272 957 in
285 911 390 959 terram
405 901 501 960 delabi
515 901 646 976 pondere
661 903 741 978 cogit

119 1001 230 1062 natura,
245 1001 274 1048 et
288 1010 414 1049 vacuum
427 1009 521 1066 prope
536 992 593 1048 iam
607 993 759 1067 perinane
774 993 903 1054 iacentes

120 1082 290 1157 dispergunt
304 1083 414 1139 animas
428 1100 481 1156 per
495 1082 592 1140 caulas
607 1084 737 1158 corporis
752 1084 856 1143 omnis.

567 1175 585 1210 ἦ

119 1260 248 1336 frigidior
261 1280 348 1337 porro
363 1260 392 1319 in
407 1262 502 1337 puteis
516 1271 626 1321 aestate
641 1263 673 1320 fit
686 1282 781 1337 umor,

119 1352 237 1409 rarescit
251 1353 320 1426 quia
334 1362 408 1410 terra
421 1353 516 1411 calore
531 1364 561 1411 et
575 1354 686 1411 semina
701 1354 801 1428 siquae

119 1441 193 1499 forte
204 1443 318 1517 vaporis
336 1442 424 1500 habet
438 1444 557 1518 proprii,
572 1442 690 1501 dimittit
704 1444 734 1500 in
749 1461 843 1501 auras.

120 1551 180 1607 quo
194 1533 284 1607 magis
299 1542 343 1590 est
356 1532 441 1607 igitur
455 1534 538 1591 tellus
552 1533 639 1591 effeta
652 1534 758 1605 calore,

119 1623 153 1681 fit
166 1640 284 1697 quoque
299 1623 428 1698 frigidior
442 1624 492 1698 qui
506 1624 536 1682 in
549 1634 651 1682 terrast
664 1624 780 1682 abditus
794 1642 889 1682 umor.

119 1713 224 1788 frigore
239 1734 306 1773 cum
321 1717 461 1790 premitur
474 1734 562 1792 porro
576 1718 671 1775 omnis
686 1726 761 1775 terra
774 1717 893 1792 coitque

120 1814 150 1861 et
164 1806 245 1879 quasi
260 1807 431 1878 concrescit,
446 1807 478 1864 fit
492 1808 602 1866 scilicet
616 1818 648 1864 ut
662 1806 801 1866 coeundo

120 1896 261 1969 exprimat
275 1897 305 1953 in
319 1907 424 1972 puteos
438 1897 462 1954 si
476 1916 564 1972 quem
578 1897 651 1972 gerit
664 1898 727 1972 ipsa
741 1897 878 1955 calorem.

161 1987 233 2043 Esse
248 1986 327 2061 apud
342 1988 519 2046 Hammonis
534 1988 632 2044 fanum
647 1988 711 2045 fons
726 1988 791 2044 luce
807 1987 911 2046 diurna

119 2074 238 2150 frigidus
253 2086 282 2134 et
296 2077 406 2134 calidus
420 2087 565 2135 nocturno
576 2062 711 2151 ⁴tempore
727 2078 824 2136 fertur.

121 2165 198 2223 hunc
213 2165 347 2224 homines
361 2167 472 2224 fontem
486 2168 572 2225 nimis
585 2166 764 2224 admirantur
778 2175 807 2224 et
821 2168 879 2224 acri
974 2175 1023 2238 850

121 2256 182 2313 sole
196 2265 300 2330 putant
314 2266 413 2330 supter
427 2266 516 2315 terras
530 2258 690 2315 fervescere
704 2257 819 2331 raptim,

121 2363 181 2403 nox
194 2346 244 2402 ubi
258 2347 375 2403 terribili
389 2355 477 2404 terras
491 2347 613 2422 caligine
627 2347 709 2404 texit.

122 2434 204 2509 quod
217 2436 303 2493 nimis
317 2454 335 2493 a
347 2446 442 2494 verast
455 2437 541 2511 longe
556 2437 667 2494 ratione
681 2445 836 2496 remotum.

122 2526 232 2600 quippe
246 2526 296 2583 ubi
310 2526 354 2584 sol
367 2525 480 2584 nudum
494 2537 678 2584 contractans
692 2544 800 2601 corpus
813 2526 900 2600 aquai

122 2634 182 2674 non
197 2616 302 2690 quierit
315 2615 443 2674 calidum
458 2635 563 2692 supera
576 2616 615 2674 de
629 2616 752 2674 reddere
767 2627 859 2692 parte,

122 2725 191 2763 eum
207 2724 343 2781 superum
358 2707 457 2765 lumen
472 2717 553 2765 tanto
567 2708 677 2765 fervore
692 2707 810 2782 fruatur,

122 2797 173 2870 qui
188 2807 275 2871 queat
289 2797 337 2854 hic
351 2807 450 2873 supter
463 2806 523 2855 tam
538 2816 634 2855 crasso
649 2815 772 2872 corpore
786 2807 893 2856 terram

122 2904 303 2963 percoquere
319 2906 451 2945 umorem
466 2897 496 2946 et
510 2887 606 2945 calido
620 2888 723 2946 satiare
737 2888 867 2963 vapore?

123 2977 292 3052 praesertim
307 2996 375 3034 cum
390 2978 438 3035 vix
452 2978 543 3053 possit
557 2995 610 3052 per
623 2987 724 3053 saepta
738 2977 895 3036 domorum

123 3067 267 3124 insinuare
282 3086 366 3124 suurn
380 3068 467 3126 radiis
482 3067 650 3126 ardentibus
664 3076 786 3128 aestum.

124 3174 200 3231 quae
214 3157 313 3214 ratiost
327 3158 432 3232 igitur?
448 3157 584 3216 nimirum
598 3167 673 3215 terra
687 3159 779 3233 magis
793 3157 876 3233 quod

123 3265 186 3304 rara
199 3256 280 3321 tepet
294 3249 403 3305 circum
417 3248 529 3306 fontem
543 3267 632 3323 quam
646 3258 744 3306 cetera
757 3248 840 3307 tellus

124 3337 272 3412 multaque
287 3347 354 3396 sunt
367 3338 440 3413 ignis
454 3356 547 3413 prope
561 3339 673 3397 semina
686 3356 792 3413 corpus
805 3337 901 3415 aquai.

123 3425 183 3488 hoc
196 3428 246 3487 ubi
259 3427 383 3488 roriferis
396 3436 501 3488 terram
518 3447 578 3488 nox
591 3429 688 3489 obruit
700 3429 819 3503 umbris,
