2498 3894
122 253 182 333 156
452 263 683 319 Lucani-rus
967 262 1019 334 [v.

116 425 159 483 vis
174 424 288 496 eadem,
303 441 390 500 supra
402 441 479 499 quae
493 433 582 481 terras
596 422 713 498 pertulit
726 423 837 482 orbem.
971 428 1022 496 655

156 516 304 590 Tempore
319 515 389 572 item
403 524 484 572 certo
498 531 612 571 roseam
628 514 742 571 Matuta
755 531 809 588 per
822 531 886 572 oras

117 605 240 663 aetheris
254 623 387 662 auroram
402 604 497 662 differt
511 613 540 660 et
553 603 663 662 lumina
675 603 788 678 pandit,

118 706 168 754 aut
182 695 250 770 quia
263 695 307 752 sol
321 694 409 767 idem,
425 695 479 753 sub
493 704 582 753 terras
596 694 642 751 ille
656 703 812 768 revertens,

118 786 258 859 anticipat
273 785 387 841 caelum
401 784 488 842 radiis
502 783 664 841 accendere
679 793 834 859 temptans,

118 885 169 933 aut
183 876 251 950 quia
265 875 444 932 conveniunt
459 875 539 949 ignes
554 885 583 931 et
597 875 710 932 semina
724 875 814 931 multa
974 881 1026 934 660

119 965 266 1021 confluere
281 964 392 1022 ardoris
407 973 585 1022 consuerunt
599 973 731 1038 tempore
746 973 836 1035 certo,

119 1073 195 1129 quae
209 1054 318 1112 faciunt
333 1055 400 1113 solis
414 1072 491 1112 nova
504 1072 620 1128 semper
633 1054 742 1111 lumina
755 1053 854 1129 gigni3

120 1143 201 1218 quod
217 1162 308 1219 genus
325 1144 421 1201 Idaeis
435 1144 513 1201 sama
527 1153 572 1201 est
586 1161 602 1200 e
618 1144 765 1202 montibus
778 1143 842 1202 altis

120 1234 266 1308 dispersos
280 1234 352 1307 ignis
367 1233 469 1290 orienti
482 1234 591 1291 lumine
607 1233 695 1304 cerni,

120 1323 189 1381 inde
204 1323 282 1380 coire
293 1324 412 1397 globum
427 1323 509 1398 quasi
519 1324 549 1380 in
558 1342 649 1381 unum
659 1332 688 1381 et
696 1323 842 1383 conficere
851 1325 964 1385 orbem.
974 1331 1024 1396 665

120 1431 177 1471 nec
191 1424 290 1470 tamen
305 1413 374 1470 illud
389 1414 417 1470 in
432 1413 475 1471 his
489 1414 575 1471 rebus
590 1414 718 1471 mirabile
733 1413 823 1473 debet

120 1521 194 1574 esse,
209 1503 291 1578 quod
305 1504 378 1561 haec
392 1504 465 1578 ignis
480 1513 539 1561 tam
554 1513 633 1560 certo
648 1513 780 1579 tempore
795 1515 918 1581 possunt

121 1594 234 1651 semina
247 1593 394 1650 confluere
409 1603 438 1651 et
452 1594 520 1652 solis
534 1611 667 1668 reparare
682 1595 816 1655 nitorem.

121 1684 213 1741 multa
225 1683 358 1742 videmus
372 1684 460 1755 enim,
475 1693 555 1741 certo
570 1702 645 1758 quae
660 1694 792 1760 tempore
806 1687 880 1744 fiunt

122 1774 256 1831 omnibus
271 1774 300 1831 in
314 1774 408 1831 rebus.
424 1773 580 1831 florescunt
595 1784 726 1850 tempore
741 1786 822 1835 certo
976 1782 1026 1842 670

122 1863 239 1921 arbusta
253 1874 282 1921 et
296 1875 377 1921 certo
392 1863 541 1921 dimittunt
556 1875 688 1938 tempore
704 1866 816 1924 florem.

122 1971 179 2012 nec
193 1955 288 2011 minus
303 1955 332 2011 in
347 1966 427 2011 certo
442 1954 545 2011 dentes
560 1954 665 2012 cadere
680 1955 804 2031 imperat
817 1965 897 2014 aetas

123 2053 254 2118 tempore
270 2053 299 2101 et
314 2044 453 2117 inpubem
468 2045 547 2101 molli
562 2045 722 2119 pubescere
736 2057 816 2104 veste

124 2143 153 2190 et
167 2135 273 2208 pariter
286 2135 404 2191 mollem
419 2135 500 2191 malis
515 2134 669 2194 demittere
683 2138 813 2195 barbam.

124 2225 243 2282 fulmina
257 2235 405 2298 postremo
420 2226 470 2281 nix
484 2225 590 2283 imbres
605 2227 704 2284 nubila
716 2226 796 2283 venti
977 2232 1027 2296 675

124 2333 185 2372 non
199 2315 284 2371 nimis
298 2315 414 2372 incertis
428 2315 501 2371 fiunt
515 2315 545 2372 in
559 2317 687 2389 partibus
702 2316 778 2372 anni.

124 2423 251 2479 namque
266 2405 316 2462 ubi
330 2405 371 2462 sic
386 2405 500 2462 fuerunt
515 2424 666 2463 causarum
681 2404 801 2462 exordia
813 2405 907 2480 prima

125 2505 212 2569 atque
227 2496 267 2552 ita
279 2514 324 2552 res
338 2494 441 2552 mundi
456 2495 590 2553 cecidere
607 2496 644 2554 ab
659 2495 769 2570 origine
783 2496 885 2570 prima,

124 2590 273 2658 conseque
289 2602 407 2658 quoque
422 2585 479 2642 iarn
493 2586 618 2643 redeunt
633 2604 669 2642 ex
683 2585 785 2642 ordine
800 2595 890 2642 certo.

165 2675 303 2733 Crescere
318 2675 445 2749 itemque
461 2675 522 2733 dies
537 2676 604 2733 licet
619 2685 649 2732 et
662 2676 810 2733 tabescere
825 2683 937 2748 noctes
978 2681 1028 2733 680

125 2775 154 2822 et
170 2765 261 2820 minui
275 2766 363 2834 luces,
378 2783 446 2822 cum
462 2775 577 2824 sumant
591 2766 728 2840 augmina
741 2775 854 2837 noctes,

124 2861 175 2912 au't
188 2854 256 2928 quia
270 2855 314 2911 sol
327 2854 406 2912 idern
420 2857 474 2914 sub
488 2866 576 2913 terras
591 2867 678 2930 atque
693 2873 817 2931 superne

125 2949 281 3023 imparibus
296 2967 412 3007 currens
426 2951 611 3008 amfractibus
625 2951 748 3008 aetheris
763 2968 827 3008 oras

125 3040 211 3112 partit
225 3048 254 3095 et
268 3039 298 3095 in
312 3041 400 3114 partis
414 3058 476 3098 non
491 3059 598 3115 aequas
613 3040 715 3098 dividit
729 3041 839 3111 orbem,

126 3137 155 3184 et
170 3127 250 3200 quod
264 3129 301 3186 ab
316 3131 451 3187 alterutra
465 3129 588 3188 detraxit
602 3141 692 3205 parte,
708 3131 823 3205 reponit

127 3192 188 3274 edis
202 3218 232 3274 in
246 3218 367 3276 adversa
381 3230 463 3279 tanto
478 3221 542 3295 plus
556 3232 638 3295 parte
652 3220 766 3290 relatus,

127 3306 222 3364 donec
236 3308 275 3366 ad
289 3309 319 3366 id
335 3310 449 3382 signum
464 3312 536 3368 caeli
550 3311 690 3386 pervenit,
705 3311 755 3369 ubi
769 3309 838 3367 anni

125 3397 222 3455 nodus
236 3409 394 3456 nocturnas
409 3411 552 3475 exaequat
565 3402 676 3459 lucibus
690 3401 816 3459 umbras.

125 3505 204 3562 nam,
218 3489 319 3547 medio
334 3509 419 3548 cursu
433 3490 515 3548 flatus
529 3492 671 3565 aquilonis
686 3501 715 3549 et
729 3490 824 3562 austri,
