2498 3894
259 197 297 259 18
591 208 821 262 chnnrms
1116 208 1156 279 [1.

236 366 239 373 ’
255 369 448 446 usqueadeo,
461 369 556 428 variae
569 369 701 428 volucres
715 377 747 427 ut
761 369 791 427 in
805 368 908 428 ordine
922 377 1046 427 cunctae

253 460 411 532 ostendant
424 461 552 518 maculas
566 460 708 535 generalis
722 478 846 534 corpore
860 461 973 532 inesse,⁴
1110 477 1159 530 590

253 552 424 610 inmutabili'
439 551 576 608 materiae
591 568 710 625 quoque
725 568 830 625 corpus
845 550 952 608 habere

253 641 363 701 debent
376 643 522 701 nimirum.
544 660 614 700 narn
628 641 652 699 si
666 641 824 716 primordia
837 659 934 698 rerum

252 734 426 791 commutari
439 733 536 807 aliqua
549 733 662 806 possint
675 731 786 789 ratione
801 732 918 803 revicta,

116 779 260 882 ς’
253 833 396 881 incertum
410 841 528 898 quoque
543 823 602 879 iam
615 829 731 879 constet
745 820 817 895 quid
831 821 923 896 possit
938 821 1014 892 oriri,

146 913 324 1008 quuid
339 923 474 988 nequeat,
454 913 552 970 tfinit
541 923 569 970 ta
584 920 714 987 potestas
728 910 856 985 denique
871 911 977 984 cuique
1112 929 1158 982 595

146 933 379 1079 quuanam
394 1005 430 1062 sit
443 1004 554 1062 ratione
568 1014 656 1078 atque
671 1002 728 1060 alte
742 1003 882 1060 terminus
897 1002 1027 1072 haerens,

68 1077 303 1241 finnt
217 1113 309 1152 nec
323 1096 428 1153 totiens
442 1096 556 1169 possint
568 1094 729 1169 generatim
744 1093 842 1151 saecla
855 1093 960 1150 referre

252 1195 303 1242 nat
303 1204 385 1242 uram
399 1203 495 1243 mores
509 1186 567 1242 vict
568 1203 618 1242 um
631 1193 788 1258 motusque
802 1193 1023 1283 parentumu

303 1273 685 1379 ⁴pqpeq'puoniamssst)
666 1273 849 1351 )extremum
846 1240 1023 1348 quddiffie
1018 1289 1160 1330 cacumen

68 1282 241 1577 57⁴7)
225 1276 565 1447 lcorponsifflusjquod
578 1365 669 1423 nostri
683 1383 802 1423 cernere
817 1382 918 1422 sensus
1112 1369 1161 1418 600

252 1455 311 1512 iam
325 1464 484 1557 nequeunt,
498 1454 530 1512 id
543 1456 679 1513 nimirum
693 1456 755 1513 sine
766 1455 894 1530 partibus
909 1462 987 1512 extat

253 1554 282 1602 et
295 1546 418 1602 minima
432 1554 546 1602 constat
560 1554 661 1603 natura
674 1564 731 1603 nec
744 1547 797 1603 suit
811 1563 952 1620 umquam

252 1653 349 1710 perse
364 1645 507 1692 secretum
522 1653 619 1709 neque
632 1636 757 1711 posthac
771 1655 834 1695 esse
848 1635 965 1706 valebit,
999 1629 1007 1647 '

252 1725 367 1782 alterius
383 1726 550 1799 quoniamst
563 1727 659 1801 ipsum
673 1744 749 1801 pars,
764 1727 915 1802 primaque
931 1735 961 1783 et
973 1685 1063 1810 iiii}

252 1814 321 1872 inde
336 1816 408 1874 aliae
422 1826 509 1890 atque
524 1816 596 1873 aliae
608 1817 715 1875 similes
730 1835 767 1874 ex
780 1817 883 1875 ordine
897 1826 994 1892 partes
1110 1820 1158 1884 605

252 1906 368 1980 agmine
383 1905 536 1964 condenso
550 1916 683 1964 naturam
698 1908 827 1982 corporis
842 1907 969 1981 explent,

253 2015 328 2071 quae
343 1996 481 2070 quoniam
496 2014 549 2071 per
563 2015 595 2054 se
609 2007 760 2071 nequeunt
771 2008 922 2068 constare}
929 2006 1078 2054 necessest

252 2087 370 2144 haerere
384 2086 464 2144 unde
479 2097 588 2161 queant
601 2087 679 2145 nulla
693 2088 804 2145 ratione
818 2089 924 2146 revelli.

253 2187 320 2236 sunt
333 2178 418 2253 igitur
431 2177 526 2236 solida
538 2177 697 2253 primordia
712 2179 894 2254 simplicitate

253 2286 327 2343 quae
343 2268 468 2326 minimis
483 2268 588 2343 stipata
601 2268 758 2326 cohaerent
773 2270 901 2344 partibus
916 2277 986 2341 arte,
1107 2275 1161 2324 610

252 2377 313 2416 non
327 2376 364 2416 ex
377 2359 488 2416 illarum
503 2369 650 2416 conventu
664 2360 827 2431 conciliata,

253 2448 306 2506 sed
320 2450 412 2523 magis
425 2458 544 2506 aeterna
557 2449 699 2523 pollentia
712 2449 905 2524 simplicitate,

252 2538 332 2596 unde
347 2557 444 2613 neque
459 2538 541 2596 avelli
556 2540 714 2613 quicquam
729 2558 826 2615 neque
841 2539 971 2598 deminui
985 2540 1044 2597 iam

253 2629 391 2687 concedit
405 2639 508 2687 natura
520 2648 669 2687 reservans
684 2631 797 2688 semina
811 2631 905 2689 rebus.

252 2729 403 2794 praeterea
416 2720 470 2777 nisi
485 2720 539 2776 erit
553 2720 715 2792 minimum,
730 2722 899 2796 parvissima
913 2739 1046 2796 quaeque
1111 2729 1159 2795 615

253 2828 377 2883 corpora
390 2810 565 2867 constabunt
579 2828 616 2867 ex
629 2812 759 2885 partibus
773 2811 901 2882 infinitis,

253 2900 362 2973 quippe
377 2899 427 2956 ubi
441 2898 579 2957 dimidiae
594 2901 682 2974 partis
696 2919 762 2976 pars
777 2920 892 2975 semper
906 2901 1024 2961 habebit

254 2988 406 3046 dimidiam
420 2998 533 3062 partem
547 3008 604 3047 nec
618 3009 664 3048 res
679 2992 831 3066 praefiniet
844 2991 911 3049 ulla.

254 3097 323 3153 ergo
336 3097 432 3136 rerum
447 3079 522 3137 inter
536 3099 680 3137 summam
694 3083 903 3156 minimamque
919 3082 991 3157 quid
1006 3085 1099 3143 escit?

253 3170 294 3226 nil
308 3170 360 3227 erit
374 3179 406 3226 ut
421 3169 528 3242 distet3
549 3188 617 3227 narn
633 3173 764 3246 quamvis
778 3172 907 3230 funditus
922 3174 1017 3232 omnis
1109 3182 1160 3232 620

254 3278 368 3317 summa
381 3261 417 3317 sit
431 3260 551 3343 infinita,
566 3270 675 3333 tamen,
690 3263 859 3336 parvissima
873 3282 948 3338 quae
964 3273 1040 3337 sunt,

254 3367 292 3407 ex
306 3351 421 3408 infinitis
436 3348 611 3409 constabunt
624 3352 752 3426 partibus
761 3370 877 3427 aeque.⁴

254 3441 336 3516 quod
350 3441 488 3516 quoniam
503 3442 576 3499 ratio
589 3443 727 3501 reclamat
740 3462 809 3501 vera
821 3454 967 3519 negatque
