2498 3894
164 215 204 293 58
494 226 725 280 nucarrrus
1007 226 1062 297 [u.

161 395 191 444 et
204 385 302 460 nigros
316 386 378 443 fieri
392 386 474 462 nigro
488 384 526 444 de
541 385 652 443 semine
667 403 776 461 cycnos

161 486 210 534 aut
224 477 281 534 alio
297 477 399 549 quovis
413 494 474 534 uno
488 476 626 550 varioque
641 476 748 534 colore.
1015 483 1063 548 825

202 568 280 641 Quin
296 567 383 623 etiam
398 576 509 640 quanto
523 567 552 624 in
567 575 663 640 partes
677 584 722 624 res
737 583 871 640 quaeque
886 565 1011 625 minutas

160 657 326 717 distrahitur
340 658 440 731 magis,
456 656 513 714 hoc
528 657 620 732 magis
635 666 678 714 est
691 668 724 713 ut
738 674 856 714 cernere
871 658 964 732 possis

160 766 333 806 evanescere
348 747 487 822 paulatim
502 748 666 821 stinguique
681 747 829 820 colorem,

159 849 192 897 ut
205 839 237 897 fit
250 839 301 896 ubi
315 839 345 895 in
359 855 460 912 parvas
474 838 563 912 partis
579 837 750 912 discerpitur
764 847 912 895 austrum:

159 947 285 1005 purpura
298 928 516 1003 poeniceusque
531 927 612 984 color
625 927 806 985 clarrissimu’
821 927 923 998 multo,
1009 935 1060 998 830

159 1020 260 1076 filatim
274 1037 342 1076 cum
357 1018 525 1076 distractum
543 1026 596 1088 est,
612 1016 786 1092 dispergitur
800 1018 915 1089 omnis3

160 1127 281 1166 noscere
296 1118 328 1166 ut
342 1108 410 1165 hinc
425 1108 518 1183 possis
532 1108 610 1181 prius
625 1126 745 1164 omnem
760 1107 857 1165 efflare
873 1107 1001 1166 colorem
1043 1134 1045 1138 ·

160 1198 315 1274 particulas
329 1216 417 1272 quarn
433 1197 586 1255 discedant
601 1196 640 1254 ad
654 1197 766 1254 semina
779 1215 883 1255 rerum.

201 1291 352 1347 Postremo
367 1289 507 1362 quoniam
520 1307 582 1346 non
596 1288 696 1344 omnia
709 1305 833 1362 corpora
847 1305 953 1346 vocem

159 1380 272 1437 mittere
288 1378 428 1436 concedis
442 1396 539 1452 neque
554 1377 686 1448 odorem,
701 1387 856 1453 propterea
869 1379 902 1435 fit
1014 1385 1062 1450 835

159 1479 265 1527 utnon
280 1470 416 1527 omnibus
430 1469 577 1526 adtribuas
592 1469 702 1526 sonitus
717 1478 746 1526 et
760 1468 875 1526 odores

160 1561 201 1617 sic
216 1561 307 1617 oculis
321 1560 460 1634 quoniam
474 1577 534 1616 non
549 1560 649 1617 omnia
663 1576 782 1616 cernere
797 1560 922 1633 quimus,

160 1650 232 1708 seire
246 1650 315 1707 licet
329 1650 474 1724 quaedam
489 1659 548 1706 tam
562 1659 696 1707 constare
711 1650 782 1707 orba
796 1649 893 1707 colore

159 1758 247 1814 quam
262 1741 324 1797 sine
339 1739 430 1797 odore
446 1740 504 1797 ulio
518 1739 665 1813 quaedam
679 1741 833 1813 sonituque
848 1748 969 1810 remota,

159 1849 215 1888 nec
230 1831 324 1887 minus
339 1830 412 1887 haec
427 1831 559 1887 animum
574 1847 753 1904 cognoscere
769 1847 855 1905 posse
867 1847 1001 1904 sagacem
1014 1837 1064 1899 840

159 1938 248 1994 quam
262 1937 336 1994 quae
351 1928 418 1977 sunt
432 1920 493 1977 aliis
506 1920 593 1977 rebus
607 1920 718 1994 privata
728 1930 839 1978 notare.

199 2010 257 2069 Sed
272 2029 309 2067 ne
325 2010 397 2067 sorte
412 2020 497 2084 putes
512 2010 574 2067 solo
589 2011 713 2085 spoliata
727 2011 825 2068 colore

158 2118 282 2175 corpora
294 2101 387 2175 prima
400 2119 527 2170 manere,
543 2100 630 2158 etiam
645 2111 756 2158 secreta
770 2101 877 2176 teporis

158 2202 226 2248 sunt
240 2210 274 2248 ac
288 2191 398 2265 frigoris
413 2192 535 2249 omnino
550 2190 695 2265 calidique
710 2192 834 2266 vaporis,

159 2289 188 2338 et
202 2281 297 2338 sonitu
312 2280 407 2338 sterila
420 2289 450 2338 et
464 2299 536 2338 suco
551 2280 647 2337 ieiuna
660 2281 798 2351 feruntur,
1014 2288 1062 2352 845

157 2389 214 2429 nec
229 2372 336 2429 iaciunt
350 2371 440 2428 ullum
454 2372 604 2445 proprium
619 2370 657 2428 de
672 2389 795 2446 corpore
811 2370 942 2429 odorem.

158 2463 232 2519 sicut
246 2461 402 2518 amaracini
415 2460 557 2520 blandum
572 2470 742 2535 stactaeque
756 2461 900 2535 liquorem

158 2561 188 2609 et
201 2552 284 2609 nardi
298 2552 409 2622 florem,
424 2561 525 2608 nectar
539 2553 590 2625 qui
601 2552 718 2609 naribus
733 2551 821 2623 halat,

158 2659 227 2699 cum
241 2643 335 2699 facere
349 2642 490 2713 iustituaS,
505 2660 574 2698 cunr
588 2642 688 2716 primis
702 2659 840 2715 quaerere
855 2660 908 2716 par
921 2651 974 2714 est,

158 2731 257 2805 quoad
271 2733 340 2788 licet
353 2750 388 2788 ac
402 2731 496 2805 possis
510 2731 645 2805 reperire,
660 2731 795 2789 inolentis
810 2731 876 2789 olivi
1013 2737 1062 2801 850

157 2831 299 2891 naturam,
314 2821 423 2878 nullam
437 2839 512 2895 quae
527 2821 621 2878 mittat
635 2821 752 2879 naribus
766 2840 875 2892 auram,

159 2930 247 2985 quam
261 2912 380 2968 minime
395 2911 532 2985 utpossit
545 2911 652 2968 mixtos
668 2911 698 2968 in
712 2929 835 2986 corpore
850 2910 956 2968 odores

158 3011 378 3074 concoctosque
393 3019 446 3058 suo
461 3011 646 3059 contractans
660 3000 783 3075 perdere
798 3002 870 3073 viro,

157 3102 277 3166 propter
290 3090 417 3148 eandem
430 3109 493 3148 rem
506 3090 618 3148 debent
631 3091 790 3165 primordia
804 3110 899 3148 rerum

157 3202 218 3241 nou
233 3183 371 3241 adhibere
386 3202 469 3240 suum
484 3182 641 3258 gignundis
655 3183 741 3240 rebus
756 3183 879 3240 odorem
1012 3191 1059 3256 855

158 3291 214 3330 nec
229 3274 365 3346 sonitum,
381 3273 521 3347 quoniam
535 3274 575 3330 nil
588 3273 627 3331 ab
641 3291 672 3330 se
687 3273 800 3330 mittere
815 3281 947 3348 possunt,

157 3381 214 3420 nec
228 3365 312 3421 simili
326 3364 437 3421 ratione
452 3381 587 3436 saporem
601 3361 730 3437 denique
745 3380 925 3438 quemquam

157 3470 214 3510 nec
228 3453 314 3528 frigus
328 3471 424 3528 neque
439 3453 509 3511 item
524 3452 652 3511 calidum
666 3453 859 3528 tepidumque
873 3471 1021 3529 vaporem,
1081 3528 1093 3539 ¹
