2498 3894
261 186 300 249 14
591 184 823 240 LUCRETIUS
1116 189 1157 259 [1.

0 335 25 383 ”r
73 292 234 410 M
296 345 374 402 Nam
388 362 591 419 quaecumque
606 345 712 417 cluent,
727 355 777 404 aut
790 310 1006 408 hisconiuibta
1019 348 1133 409 duabus

3 475 58 539 ae
70 488 92 540 E
94 464 156 540 a(
159 457 243 567 ff
253 437 339 494 rebus
354 454 390 493 ea
403 435 532 492 invenies
546 446 596 492 aut
609 435 714 494 horum
728 417 833 494 evdnta
845 438 967 497 videbis.
1108 459 1159 512 450
1215 527 1219 534 Ι

254 527 442 584 coniunctum
457 534 501 582 est
514 523 545 581 id
559 525 641 600 quod
654 545 798 600 nusquam
813 527 874 585 sine
888 529 1042 603 permitiali

23 660 32 679 s,
189 653 197 675 ,
254 615 376 674 discidio
390 615 467 690 potis
482 623 527 672 est
541 617 655 690 seiungi
670 625 759 690 seque
773 618 893 691 gregati,

8 614 218 908 (0ζῖἉῇ
252 707 369 781 pondus
383 707 425 764 uti
440 705 534 776 saxist‚
551 706 631 762 calor
645 707 727 780 ignis,
742 706 837 780 liquor
850 708 943 781 aquai.

256 795 365 873 [tactus
379 797 550 871 corporibus
565 796 677 853 cunctis
691 796 816 854 intactus
830 795 937 876 inani]

252 889 398 945 servitium
411 897 515 944 contra
527 895 683 961 paupertas
698 885 883 961 divitiaeque,
1108 910 1156 964 455

251 977 365 1035 libertas
374 977 487 1037 ‚bellurn
501 975 669 1049 concordia,
684 985 782 1033 cetera
795 994 920 1050 quorum

251 1068 378 1126 adventu
392 1054 492 1125 manet
505 1067 658 1125 incolumis
673 1076 775 1125 natura
789 1037 936 1142 abituque,
951 1089 953 1096 ·
1098 1128 1105 1147 ⁸
1120 1035 1236 1154 aba

7 1057 13 1077 ‚
78 1024 204 1077 ΨΜ

0 1123 156 1363 rffia
251 1158 324 1215 haec
339 1159 413 1217 soliti
427 1177 535 1229 sumuS,
550 1167 582 1215 ut
595 1176 648 1233 par
661 1167 714 1229 est,
730 1166 835 1215 eventa
848 1175 961 1216 vocare.
1063 1160 1221 1332 Q

1 883 10 910 l

251 1257 366 1324 tempus
380 1250 450 1306 item
464 1267 517 1324 per
531 1267 562 1306 se
576 1267 638 1306 non
652 1258 704 1319 est,
720 1245 774 1306 sed
787 1248 874 1307 rebus
889 1248 925 1305 ab
940 1248 1009 1322 ipsis

250 1339 438 1412 consequitur
451 1358 561 1411 sensus,
576 1344 755 1396 transactum
770 1338 843 1414 quid
857 1338 937 1396 sitin
952 1357 1034 1412 aevo,
1107 1347 1156 1410 460

250 1437 312 1486 tum
327 1447 460 1503 quaeres
475 1431 569 1500 instet,
585 1428 656 1503 quid
669 1447 758 1504 porro
772 1427 882 1487 deiude
897 1438 1042 1502 sequatur.

249 1536 306 1576 nec
320 1538 373 1594 per
386 1538 416 1577 se
431 1538 608 1593 quemquam
622 1528 739 1595 tempus
752 1519 858 1578 sentire
872 1518 1051 1578 fatendumst

250 1620 395 1667 semotum
409 1610 446 1666 ab
459 1627 555 1666 rerum
569 1619 651 1667 motu
665 1608 839 1684 placidaque
854 1609 962 1684 quiete.

250 1698 377 1772 denique
391 1696 590 1774 Tyndaridem
603 1709 715 1775 raptam
727 1700 863 1774 belloque
879 1699 1015 1758 subactas

248 1788 436 1863 Troiiugenas
450 1789 543 1863 gentis
558 1807 627 1847 cum
640 1789 742 1847 dicunt
756 1807 830 1861 esse,
843 1788 1034 1848 videndumst
1105 1797 1153 1861 465

248 1894 286 1934 ne
301 1877 373 1934 forte
389 1878 461 1949 haec
474 1897 527 1954 per
541 1897 572 1936 se
587 1890 693 1954 cogant
707 1898 760 1938 nos
775 1898 839 1938 esse
853 1879 945 1950 fateri,
1022 1922 1024 1926 -

248 1967 367 2042 quando
377 1986 412 2025 ea
421 1970 516 2026 saecla
525 1969 687 2042 hominum,
698 1989 822 2045 quorum
833 1970 908 2028 haec
917 1979 1023 2052 eventa
1030 1970 1154 2042 fuerunt,

248 2057 447 2116 inrevocabilis
461 2059 609 2117 abstulerit
623 2060 680 2116 iam
694 2061 848 2135 praeterita
862 2069 963 2133 aetas3

247 2166 375 2222 namque
390 2150 459 2207 aliut
472 2149 601 2222 Teucris,
617 2150 686 2206 aliut
699 2151 865 2224 regionibus
881 2150 951 2225 ipsis

248 2249 384 2296 eventum
399 2238 458 2296 dici
471 2240 578 2314 poterit
591 2239 800 2314 quodcumque
816 2241 869 2298 erit
881 2249 990 2299 actum.
1104 2263 1154 2310 470

248 2328 375 2403 denique
390 2330 523 2387 materies
538 2331 561 2388 si
574 2348 670 2387 rerum
685 2330 762 2388 nulla
776 2332 875 2388 fuisset

247 2437 303 2476 nec
316 2420 398 2478 locus
413 2439 448 2476 ac
463 2421 705 2503 spatiumqresin
718 2439 779 2503 quo
792 2416 1087 2503 QUEQQTQQ

247 2527 407 2583 numquam
421 2509 595 2586 Tyndaridis
609 2511 719 2569 formae
725 2496 875 2568 ‘conllatus
890 2528 990 2569 amore

246 2593 328 2673 ignis',
343 2599 500 2657 Alexandri
516 2601 640 2676 Phrygio
655 2602 709 2660 sub
722 2610 841 2676 pectore
855 2600 990 2676 gliscens,

123 2705 132 2744 r
246 2691 324 2746 clara
337 2690 518 2748 accendisset
532 2693 610 2749 saevi
624 2693 783 2749 certamina
796 2692 897 2781 belli;4
1102 2714 1150 2766 475

75 2707 223 2835 &vlam
246 2797 302 2836 nec
317 2778 392 2836 clam
408 2753 543 2839 audaeus
556 2769 699 2840 Troiialiis
715 2784 855 2857 Pergama
867 2792 952 2858 partu
996 2784 1143 2922 Ῐννιόἵ
1162 2723 1215 2856 μβ
1233 2824 1235 2829 1

60 2882 177 2959 pm„
245 2869 453 2927 inflammasset
467 2847 560 2945 equbs
574 2882 720 2930 nocturno
735 2873 996 2948 Graiiugenarum

135 2984 138 2990 ·
245 2960 411 3035 perspicere
426 2970 457 3017 ut
468 2962 561 3035 possis
574 2980 620 3019 res
634 2973 729 3036 gestas
744 2934 873 3021 sudditus
887 2965 984 3022 omnis
1026 2946 1048 2972 κ
1066 2943 1234 3119 adflat

201 3113 206 3128 ¹
245 3067 306 3106 non
320 3051 360 3107 ita
373 3050 415 3107 uti
426 3069 532 3125 corpus
543 3070 595 3126 per
609 3070 640 3109 se
655 3063 788 3110 constare
802 3071 900 3128 neque
916 3072 989 3127 esse,
1106 3120 1122 3138 ·
1136 3109 1148 3142 t
1166 3097 1174 3122 ,
1195 3107 1200 3115 .

19 3157 135 3208 uta-vs
245 3158 302 3198 nec
316 3141 427 3198 ratione
442 3111 537 3199 cludle
552 3141 657 3199 eadem
671 3160 730 3216 qua
743 3152 858 3201 constet
872 3144 968 3216 inane,
1100 3154 1151 3214 480

33 3245 46 3260 ⁵
245 3230 299 3289 sed
313 3232 449 3336 magiqut
463 3232 566 3290 merito
580 3233 673 3307 possis
687 3242 792 3291 eventa
805 3252 911 3292 vocare
1157 3224 1166 3240 ’

245 3322 374 3396 corporis
389 3331 476 3396 atque
490 3321 557 3394 loci,
571 3341 617 3395 res
631 3324 661 3380 in
676 3340 736 3398 quo
750 3342 884 3413 quaeque
899 3334 1055 3415 geranturr

285 3412 417 3488 Corpora
431 3422 497 3471 suut
511 3431 598 3488 porro
612 3414 717 3488 partim
731 3406 892 3489 primordia
901 3408 1009 3488 reruni}

1130 3300 1228 3358 W.

180 3575 584 3711 svam-tua
610 3706 618 3727 .
