2498 3894
124 243 183 308 192
457 239 688 294 coenamus
954 240 1024 312 [vr.

118 402 242 462 turbinis
257 401 404 460 inmanem
418 401 476 460 vim
492 401 638 477 provomit
652 411 740 478 atque
754 401 909 477 procellae.

118 493 173 552 sed
187 494 255 568 quia
269 494 301 551 fit
314 511 378 550 raro
393 493 514 551 omnino
529 493 694 567 montisque
709 503 857 552 necessest

118 583 236 642 officere
250 583 281 640 in
295 583 384 654 terriS,
399 593 520 658 apparet
533 583 660 642 crebrius
673 581 753 641 idem

118 683 277 750 prospectu
291 673 376 730 maris
390 673 421 730 in
435 691 542 748 magno
557 674 698 748 caeloque
712 674 832 749 patenti.
974 692 1027 745 450

160 763 268 821 Nubila
281 772 485 835 concrescunt,
500 763 550 822 ubi
564 781 687 838 corpora
701 765 793 822 multa
806 762 933 822 volando

118 853 176 911 hoc
191 871 297 928 supero
312 854 342 910 in
356 854 430 910 caeli
443 854 537 928 spatio
552 854 648 911 coiere
663 864 783 928 repente

120 944 275 1017 asperiora,
290 944 379 1000 moris
393 960 468 1018 quae
483 943 595 1018 possint
609 943 781 1019 indupedita

119 1034 230 1109 exiguis
247 1042 345 1090 tamen
360 1033 434 1090 inter
448 1051 479 1090 se
494 1051 669 1109 comprensa
683 1034 784 1092 teneri.

119 1126 193 1184 haec
207 1125 316 1183 faciunt
330 1126 456 1210 primum
470 1143 572 1200 parvas
586 1126 745 1184 consistere
760 1126 874 1199 nubes;
975 1145 1025 1197 455

119 1217 189 1276 inde
204 1218 278 1276 haec
293 1217 510 1292 comprendunt
524 1219 598 1275 inter
612 1236 643 1276 se
658 1237 774 1294 conque
789 1228 945 1294 gregantur

120 1318 150 1366 et
164 1305 372 1382 coniungendo
387 1317 522 1365 crescunt
535 1309 686 1384 ventisque
701 1310 831 1366 seruntur

120 1415 213 1473 usque
227 1398 303 1456 adeo
318 1398 416 1455 donec
431 1407 588 1472 tempestas
602 1418 688 1457 saeva
701 1409 838 1458 coortast.

120 1490 152 1547 fit
167 1507 284 1564 quoque
298 1489 339 1547 uti
354 1489 462 1546 montis
477 1489 573 1546 vicina
587 1490 741 1547 cacumina
755 1491 837 1548 caelo

120 1597 209 1654 quam
223 1581 280 1637 sint
294 1597 413 1654 quoque
427 1579 528 1653 magis,
544 1588 626 1638 tanto
641 1581 732 1655 magis
747 1580 826 1638 edita
841 1580 953 1641 fument
975 1586 1026 1648 460

120 1669 243 1727 adsidue
257 1669 354 1726 furvae
369 1669 455 1727 nubis
469 1669 594 1744 caligine
609 1688 706 1728 crassa

120 1769 276 1834 propterea
289 1760 366 1834 quia,
381 1778 450 1818 cum
465 1760 627 1819 consistunt
641 1760 740 1818 nubila
754 1760 890 1835 primum,

120 1859 187 1906 ante
202 1849 300 1907 videre
315 1850 392 1907 oculi
407 1869 495 1924 quam
510 1851 631 1925 possint,
646 1852 751 1922 tenvia,
767 1852 845 1909 venti

120 1948 269 2013 portantes
284 1949 394 2014 cogunt
407 1940 444 1997 ad
460 1959 574 1998 summa
587 1942 742 1998 cacumina
756 1942 872 2001 montis.

121 2029 169 2085 hic
184 2029 303 2086 demum
319 2030 405 2087 rituti
421 2032 504 2088 turba
518 2031 627 2089 maiore
642 2042 743 2088 coorta
975 2038 1024 2102 465

121 2128 151 2176 et
165 2119 315 2177 condensa
328 2129 437 2194 queant
451 2139 590 2194 apparere
605 2129 634 2178 et
649 2121 734 2178 simul
747 2121 813 2196 ipso

120 2210 228 2267 vertice
243 2209 281 2266 de
296 2211 402 2268 montis
417 2210 569 2268 videantur
583 2230 698 2286 surgere
713 2212 743 2268 in
757 2211 896 2269 aethram.

121 2318 189 2356 nam
205 2300 271 2357 loca
284 2300 410 2357 declarat
425 2320 536 2357 sursum
551 2311 672 2359 ventosa
686 2312 785 2376 patere

120 2409 166 2447 res
181 2391 243 2464 ipsa
257 2399 287 2447 et
301 2409 410 2462 sensuS,
426 2392 534 2448 montis
548 2410 617 2448 cum
632 2392 818 2450 ascendimus
833 2391 914 2450 altos,

121 2491 272 2554 praeterea
285 2482 428 2555 permulta
442 2483 514 2538 mari
529 2500 648 2556 quoque
664 2483 763 2540 tollere
778 2492 840 2541 toto
974 2503 1025 2549 470

120 2588 246 2645 corpora
259 2580 391 2628 naturam
406 2571 554 2628 declarant
568 2572 650 2629 litore
664 2583 758 2630 vestes

121 2679 289 2735 suspensae,
305 2680 372 2717 cum
387 2663 557 2736 concipiunt
570 2663 678 2719 umoris
693 2663 862 2720 adhaesum.

120 2769 180 2824 quo
196 2751 286 2825 magis
301 2749 339 2808 ad
354 2752 438 2808 nubis
452 2752 601 2827 augendas
615 2754 705 2810 multa
719 2753 852 2810 videntur

120 2859 206 2916 posse
222 2859 340 2915 quoque
355 2859 371 2898 e
387 2841 461 2899 salso
476 2861 651 2919 consurgere
667 2845 796 2901 momine
811 2843 913 2919 ponti,

120 2949 187 2988 nam
202 2932 274 2989 ratio
289 2932 533 3006 consanguineast
547 2934 696 2992 umoribus
711 2935 782 2993 ollis.
974 2953 1023 3005 475

120 3031 269 3094 praeterea
283 3021 375 3078 fluviis
390 3040 427 3078 ex
441 3024 575 3080 omnibus
590 3033 618 3080 et
632 3024 718 3081 simul
733 3026 795 3099 ipsa

120 3128 235 3184 surgere
250 3110 288 3167 de
303 3120 377 3169 terra
391 3112 511 3170 nebulas
525 3122 697 3188 aestumque
711 3114 853 3184 videmus

120 3218 195 3274 quae
209 3201 287 3259 velut
301 3201 405 3259 halitus
421 3202 489 3259 hinc
503 3203 542 3259 ita
555 3221 668 3261 sursum
683 3222 820 3279 expressa
834 3205 963 3261 feruntur

120 3291 347 3367 suffunduntque
362 3311 414 3349 sua
428 3292 541 3350 caelum
556 3293 678 3369 caligine
693 3304 722 3353 et
735 3295 807 3352 altas

120 3382 266 3439 sufficiunt
280 3383 365 3439 nubis
379 3384 518 3456 paulatim
532 3384 759 3457 conveniundo;
973 3391 1024 3451 480

119 3481 202 3546 urget
216 3473 293 3530 enim
310 3490 428 3546 quoque
444 3475 569 3549 signiferi
584 3494 672 3551 super
684 3476 809 3534 aetheris
823 3485 919 3532 aestus
