2498 3894
124 211 166 290 36
464 221 696 276 LUCRETIUS
972 218 1028 290 [us

122 405 198 462 quae
211 386 295 462 pueri
309 387 339 444 in
353 385 480 444 tenebris
493 385 624 460 pavitant
637 384 809 460 finguntque
823 383 926 443 futura.

121 476 201 535 hunc
215 477 299 551 igitur
313 486 452 535 terrorem
465 476 555 533 animi
569 474 764 550 tenebrasque
777 483 928 534 necessest

121 585 183 626 non
196 567 269 624 radii
283 567 350 625 solis
364 584 462 642 neque
475 564 574 623 lucida
587 566 645 623 tela
659 565 719 623 diei
996 571 1030 621 60

121 657 286 729 discutiant,
301 656 354 715 sed
368 667 486 714 naturae
501 656 614 731 species
628 657 770 730 ratioque.

161 749 250 805 Nunc
264 766 327 823 age,
343 766 403 821 quo
417 756 500 804 motu
513 746 649 822 genitalia
662 745 794 805 materiai

120 856 246 914 corpora
259 856 304 895 res
319 837 410 894 varias
424 837 543 912 gignant
557 837 728 911 genitasque
742 835 888 894 resolvant

121 938 150 986 et
165 929 263 1003 quavi
277 928 372 985 facere
387 926 418 984 id
432 937 572 1002 cogantur
586 944 720 1001 quaeque
734 927 770 983 sit
785 927 850 984 ollis
866 959 869 963 ·

120 1018 235 1076 reddita
248 1017 393 1076 mobilitas
407 1035 546 1091 magnum
560 1014 613 1093 per
627 1017 712 1074 inane
727 1015 856 1089 meandi,
995 1022 1026 1087 ⁶5

120 1108 294 1183 expediam:
317 1117 349 1165 tu
363 1116 392 1165 te
407 1107 493 1164 dictis
506 1107 647 1182 praebere
662 1116 819 1165 memento

120 1217 188 1256 nam
204 1208 282 1255 certe
297 1216 358 1256 non
373 1198 446 1255 inter
461 1215 491 1255 se
506 1197 611 1271 stipata
625 1196 763 1254 cohaeret

120 1288 263 1359 materies,
279 1288 418 1364 quoniam
433 1287 524 1344 minui
537 1305 600 1344 rem
614 1304 761 1361 quamque
774 1285 909 1344 videmus

120 1389 150 1437 et
165 1379 246 1453 quasi
260 1378 420 1453 longinquo
434 1378 523 1434 fluere
537 1377 638 1434 omnia
650 1377 795 1435 cernimus
810 1395 884 1436 aevo

120 1488 157 1527 ex
171 1469 320 1543 oculisque
334 1477 507 1526 vetustatem
522 1465 686 1525 subducere
699 1467 816 1538 nostriS,
995 1489 1026 1535 70

119 1578 188 1616 cum
202 1569 299 1616 tamen
315 1558 469 1616 incolumis
482 1557 614 1615 videatur
627 1576 742 1616 summa
755 1576 874 1616 manere

119 1659 274 1724 propterea
288 1649 365 1723 quia,
380 1665 455 1723 quae
470 1646 620 1705 decedunt
634 1666 757 1723 corpora
771 1649 887 1722 cuique,

119 1738 198 1797 unde
212 1739 320 1796 abeunt
335 1738 477 1809 minuunt,
493 1756 553 1813 quo
566 1756 672 1796 venere
687 1738 823 1814 augmine
838 1737 959 1812 donant,

119 1829 167 1887 illa
180 1847 331 1888 senescere
346 1838 376 1886 at
390 1828 464 1886 haec
478 1838 580 1886 contra
593 1829 745 1887 florescere
761 1838 880 1903 cogunt,

118 1938 175 1977 nec
188 1928 368 1977 remorantur
381 1919 429 1976 ibi.
452 1919 493 1975 sic
507 1936 603 1976 rerum
617 1937 733 1977 summa
744 1929 868 1977 novatur
995 1937 1024 1990 75

118 2027 242 2084 semper,
257 2017 287 2066 et
300 2009 375 2065 inter
388 2026 419 2065 se
434 2009 568 2066 mortales
583 2018 684 2067 mutua
697 2010 806 2067 vivunt.

118 2108 278 2174 augescunt
292 2099 363 2156 aliae
378 2107 488 2173 gentes,
504 2099 577 2155 aliae
591 2099 771 2171 minuuntur,

118 2191 206 2264 inque
220 2189 301 2248 brevi
314 2189 407 2263 spatio
423 2198 569 2246 mutantur
583 2189 678 2246 saecla
692 2191 873 2247 animantum

119 2289 148 2338 et
162 2279 244 2354 quasi
258 2298 389 2337 cursores
403 2279 471 2336 vitai
485 2278 624 2353 lampada
638 2279 764 2337 tradunt.

153 2370 183 2428 Si
197 2388 309 2427 cessare
324 2379 408 2444 putas
423 2386 518 2426 rerum
532 2369 694 2444 primordia
708 2387 793 2445 posse

118 2459 320 2534 cessandoque
336 2478 427 2517 novos
441 2477 537 2516 rerum
552 2461 724 2535 progignere
739 2469 849 2530 motus,

118 2551 197 2608 avius
211 2569 229 2608 a
241 2568 309 2608 vera
321 2551 408 2625 longe
422 2550 534 2607 ratione
549 2551 668 2625 vagaris

117 2659 185 2698 nam
200 2641 338 2716 quoniam
352 2658 405 2715 per
417 2640 504 2697 inane
519 2651 667 2715 vagantur,
682 2649 791 2698 cuncta
803 2649 952 2700 necessest

117 2740 167 2788 aut
180 2731 316 2806 gravitate
331 2749 383 2787 sua
397 2730 462 2788 ferri
477 2731 638 2806 primordia
650 2749 746 2789 rerum

117 2830 167 2878 aut
181 2821 239 2877 ictu
253 2820 326 2877 sorte
340 2819 464 2880 alterius.
485 2840 554 2879 nam
568 2840 636 2879 cum
650 2822 708 2878 cita
721 2837 809 2895 saepe
990 2825 1020 2889 85

118 2911 204 2968 obvia
218 2909 383 2982 conflixere,
396 2911 431 2968 fit
445 2921 477 2970 ut
491 2911 605 2970 diversa
617 2921 738 2987 repente

117 3000 276 3072 dissiliant3
297 3018 394 3075 neque
410 3003 488 3059 enim
503 3003 616 3071 mirum,
629 3002 781 3059 durissima
795 3018 869 3074 quae
885 3002 941 3057 sint

117 3089 295 3165 ponderibus
310 3091 410 3149 solidis
424 3110 520 3166 neque
536 3092 693 3167 quicquam
708 3110 726 3148 a
739 3101 820 3165 tergo
836 3090 899 3148 ibus
915 3091 1020 3148 obstet.

117 3189 147 3237 et
161 3199 220 3255 quo
235 3181 333 3238 iactari
348 3183 439 3256 magis
454 3183 553 3240 omnia
565 3182 695 3239 materiai

117 3289 241 3346 corpora
254 3271 414 3347 pervideas,
429 3273 613 3330 reminiscere
628 3273 716 3329 totius
730 3271 820 3328 imum
986 3291 1021 3342 90

116 3361 157 3418 nil
171 3380 234 3420 esse
248 3363 279 3420 in
293 3381 415 3433 summa,
429 3380 525 3437 neque
540 3362 646 3421 habere
661 3362 712 3420 ubi
726 3379 849 3436 corpora
862 3359 957 3434 prima

117 3453 285 3523 consistant,
300 3453 440 3527 quoniam
455 3453 578 3528 spatium
594 3453 656 3510 sine
671 3453 728 3510 fine
743 3450 920 3526 modoquest
