2498 3894
136 203 188 276 V.]
370 204 426 256 DE
452 204 599 257 RERUM
626 204 798 258 NATURA
982 206 1041 270 139

136 385 193 424 nec
205 363 314 424 validas
328 364 442 422 valeant
456 364 519 422 aevi
533 362 698 422 rescindere
712 365 801 439 leges,

136 474 196 531 quo
210 474 316 530 genere
332 456 362 512 in
376 455 474 529 primis
489 455 578 511 animi
593 464 694 511 natura
707 464 822 528 reperta
836 462 881 513 est

134 547 232 604 nativo
247 546 373 620 primum
388 544 545 602 consistere
561 561 683 617 corpore
698 554 776 600 creta
1007 552 1041 602 60

135 654 192 694 nec
206 653 293 711 posse
308 634 461 692 incolumis
476 652 614 708 magnum
629 633 732 691 durare
746 652 799 708 per
812 652 926 706 aevom,

138 725 191 783 sed
206 725 358 783 simulacra
372 725 464 782 solere
480 724 509 781 in
524 724 634 781 somnis
648 724 744 781 fallere
759 735 898 796 mentem,

136 833 255 872 cernere
270 833 338 872 cum
353 813 504 872 videamur
518 832 586 871 eum
600 832 689 888 quem
703 815 761 871 vita
774 815 897 889 reliquit,

136 904 217 980 quod
232 914 370 980 superest,
386 922 464 960 nunc
479 904 537 961 huc
551 903 670 960 rationis
685 903 787 961 detulit
801 905 885 976 ordo,

135 1006 168 1053 ut
182 995 253 1053 mihi
267 994 380 1052 mortali
395 995 552 1051 consistere
568 1012 690 1068 corpore
705 994 848 1052 mundum
1007 1001 1038 1066 ⁶5

136 1085 324 1159 nativomque
340 1084 425 1142 simul
439 1084 512 1141 ratio
526 1082 682 1140 reddunda
696 1083 732 1141 sit
746 1102 809 1141 esse
821 1105 830 1157 ;

136 1184 167 1232 et
180 1175 284 1249 quibus
299 1174 345 1231 ille
360 1173 455 1232 modis
471 1192 642 1248 congressus
658 1175 788 1231 materiai

136 1264 262 1323 fundarit
277 1275 382 1321 terram
397 1264 509 1321 caelum
525 1282 603 1321 mare
619 1264 715 1321 sidera
729 1264 821 1322 solem

136 1354 272 1429 lunaique
286 1354 426 1429 globum3
449 1363 511 1411 tum
526 1371 601 1427 quae
616 1353 717 1410 tellure
731 1355 894 1447 animantes

137 1445 290 1515 extiterint,
306 1454 335 1502 et
349 1463 424 1519 quae
439 1444 517 1502 nullo
532 1445 589 1502 sint
603 1454 734 1518 tempore
749 1454 833 1502 natae
845 1465 853 1517 3
1011 1464 1043 1512 70

137 1554 232 1610 quove
247 1535 338 1593 modo
353 1553 445 1609 genus
459 1535 620 1592 humanum
634 1535 761 1591 variante
776 1534 902 1609 loquella

137 1626 267 1699 coeperit
281 1626 356 1682 inter
369 1644 400 1682 se
415 1625 493 1682 vesci
507 1642 560 1698 per
574 1625 695 1682 nomina
708 1643 803 1681 rerum
815 1645 825 1697 3

137 1725 167 1773 et
181 1716 286 1790 quibus
300 1716 346 1773 ille
361 1715 457 1772 modis
472 1714 571 1772 divom
585 1724 680 1772 metus
694 1715 844 1773 insinuarit

136 1816 265 1881 pectora,
280 1815 418 1862 terrarum
432 1804 483 1880 qui
497 1805 526 1860 in
541 1804 604 1863 orbi
618 1813 718 1861 sancta
732 1813 828 1862 tuetur

137 1895 203 1953 sana
216 1895 296 1952 lacus
310 1895 393 1953 lucos
407 1913 470 1952 aras
484 1894 694 1969 simulacraque
709 1894 819 1953 divom.

137 1995 288 2060 praeterea
301 1985 368 2043 solis
383 2002 483 2042 cursus
497 1983 640 2058 lunaeque
657 1993 769 2042 meatus

138 2074 292 2150 expediam
307 2094 366 2149 qua
378 2074 407 2132 vi
421 2074 519 2135 flectat
533 2084 634 2132 natura
648 2075 833 2148 gubernans3

136 2183 175 2224 ne
189 2166 262 2223 sorte
277 2165 350 2222 haec
364 2165 439 2222 inter
453 2140 566 2221 tudelum
582 2175 746 2238 terramque
760 2181 876 2222 reamur

136 2255 227 2314 libera
241 2265 345 2330 sponte
360 2273 413 2312 sua
426 2243 483 2310 ομ
508 2254 658 2347 λςΙυεῖτειτετ
673 2254 810 2329 perennis

136 2346 279 2421 morigera
292 2343 331 2402 ad
344 2345 440 2419 fruges
455 2333 521 2405 almi,
538 2344 603 2402 rdas
617 2353 704 2419 atque
722 2344 886 2416 animantis,
1011 2344 1044 2399 8ο

136 2453 210 2495 neve
224 2436 320 2509 aliqua
333 2434 434 2492 divom
448 2424 523 2491 volvi
537 2435 648 2492 ratione
663 2442 809 2509 putemus.

136 2543 206 2582 narn
220 2525 295 2582 bene
310 2524 360 2599 qui
375 2523 505 2582 didicere
520 2521 594 2581 deos
608 2541 743 2581 securum
757 2541 842 2598 agere
857 2540 970 2595 aevom,

138 2616 161 2673 si
175 2625 274 2672 tamen
288 2615 398 2672 interea
412 2615 551 2671 mirantur
565 2631 624 2688 qua
637 2613 749 2671 ratione

137 2722 271 2780 quaeque
285 2705 345 2779 geri
359 2703 480 2780 possint,
495 2703 664 2778 praesertim
677 2704 764 2761 rebus
777 2703 807 2760 in
821 2703 875 2761 illis

138 2812 213 2869 quae
227 2811 332 2869 supera
345 2802 434 2868 caput
447 2793 580 2852 aetheriis
595 2803 752 2851 cernuntur
766 2793 796 2849 in
810 2793 877 2864 oris,
1010 2799 1042 2864 85

137 2901 232 2942 rursus
247 2884 275 2941 in
292 2885 424 2958 antiquas
438 2884 600 2940 referuntur
614 2882 768 2958 religiones

139 2983 168 3031 et
181 2973 317 3031 dominos
331 2973 405 3030 acris
419 2972 595 3043 adsciscunt,
610 2973 710 3031 omnia
723 2989 810 3046 posse

138 3080 212 3138 quos
226 3063 323 3121 miseri
338 3063 471 3135 credunt,
486 3063 577 3137 ignari
592 3061 663 3136 quid
678 3071 766 3136 queat
781 3079 854 3133 esse,

139 3152 210 3227 quid
224 3163 360 3228 nequeat,
375 3152 456 3210 finita
470 3162 599 3227 potestas
613 3152 741 3227 denique
756 3152 863 3226 cuique

138 3260 266 3318 quanam
280 3243 316 3301 sit
330 3243 441 3300 ratione
456 3253 543 3318 atque
558 3243 615 3300 alte
629 3244 768 3299 terminus
784 3242 915 3300 haerens
1010 3260 1043 3312 90

178 3331 269 3408 Quod
283 3342 423 3408 superest,
438 3351 475 3390 ne
490 3344 519 3391 te
534 3333 564 3391 in
578 3331 727 3407 promissis
740 3333 823 3407 plura
837 3349 992 3401 moremur,

139 3423 283 3500 principio
297 3423 387 3482 maria
400 3441 435 3482 ac
450 3432 539 3482 terras
553 3421 726 3499 caelumque
741 3433 841 3494 tuere,
