2498 3894
72 1423 88 1647 i

67 1654 74 1699 Ι

89 1506 254 1532 Q
385 1491 414 1592 9

141 190 147 208 ’
164 189 204 250 28
266 192 279 205 ‘
497 200 729 254 LUCRETIUS
818 215 820 219 '

162 362 336 436 contingunt
348 361 441 420 mellis
451 360 530 419 dulci
544 360 678 436 flavoque
691 361 814 436 liquore,

162 462 195 510 ut
209 470 365 527 pueromm
379 462 458 510 aetas
471 451 624 528 inprovida
637 451 802 509 ludificetur

162 543 307 602 labrorum
323 553 417 614 tenus,
431 543 542 619 interea
554 553 690 618 perpotet
705 561 836 619 amarum
1018 562 1070 616 940

9 708 12 715 Ι
163 634 288 692 absinthi
301 635 417 782 latigm
432 632 616 708 deceptaque
630 651 691 692 non
706 617 844 708 capiatur,
887 596 921 696 dt
936 668 951 691 ·.
966 672 1008 715 ,²¹¹
1033 676 1042 691 .-
1079 639 1109 712 ἢ
1131 646 1177 706 21:

86 754 101 793 μ
163 724 217 782 sed
230 725 327 799 potius

382 725 492 799 ipacto
506 731 635 780 recreata
648 743 666 780 v
695 733 783 795 escat,
1044 711 1170 801 599,ζῇ

163 816 288 890 sicergo
303 832 392 885 nunc,
408 813 547 962 {qoniam
562 812 636 871 haee
682 814 723 871 tio
737 813 911 889 plerumque
925 811 1041 872 videtur
1074 832 1080 891 J

5 887 45 979 ⁵,
100 962 104 977 ,
163 905 269 962 tristior
282 922 345 963 esse
360 905 410 979 qui
451 920 540 962 snon
554 913 598 961 est
612 912 741 975 tractata,
755 913 892 980 retroque
1009 899 1080 955 W
1106 901 1159 943 2²3¹·

163 997 263 1070 volgus
278 974 412 1052 abhdrret
425 995 461 1052 ab
476 994 540 1065 hac,
555 993 633 1051 volui
647 993 699 1051 tibi
714 995 925 1071 suaviloquenti
1019 1012 1067 1068 945
1088 980 1122 1077 gr)
1136 981 1186 1068 ἐή

164 1085 292 1142 carmine
307 1085 400 1142 Pierio
415 1084 558 1141 rationem
573 1101 721 1158 exponere
736 1093 866 1144 nostram

165 1185 194 1233 et
208 1175 290 1250 quasi
304 1192 424 1233 musaeo
440 1173 519 1231 dulci
533 1173 702 1248 contingere
717 1175 811 1246 melle,

164 1266 188 1323 si
202 1265 253 1324 tibi
267 1266 338 1324 forte
354 1265 482 1322 animum
496 1264 546 1321 tali
559 1263 671 1321 ratione
684 1271 786 1321 tenere

164 1356 291 1414 versibus
306 1356 335 1412 in
349 1355 453 1412 nostris
468 1372 595 1428 possem,
611 1352 683 1411 dum
696 1354 837 1429 perspicis
852 1372 972 1414 omnem

164 1456 295 1503 naturam
308 1464 402 1503 rerum
418 1463 476 1519 qua
490 1453 604 1502 constet
619 1453 739 1520 compta
752 1444 853 1520 figura.
1018 1465 1068 1520 95ο

205 1532 262 1595 Sed
276 1537 384 1611 quonia
424 1534 513 1593 docui
527 1533 701 1593 solidissima
714 1535 845 1593 materiai

164 1644 286 1702 corpora
299 1636 440 1701 perpetuo
455 1625 573 1682 volitare
587 1624 695 1682 invicta
708 1643 761 1699 per
775 1644 890 1698 aevom,

165 1736 243 1775 nunc
257 1735 320 1791 age,
336 1715 459 1774 summai
474 1714 620 1790 quaedam
634 1715 671 1773 sit
683 1714 749 1773 finis
764 1734 867 1775 eorum

164 1825 258 1865 necne
273 1808 317 1878 sit,
333 1806 518 1878 evolvamus3
542 1805 613 1863 item
626 1775 709 1880 qdod
723 1805 811 1864 inane
824 1817 999 1883 repertumst
1050 1812 1076 1895 γ·
1085 1824 1129 1877 rt(
1154 1854 1159 1866 .

164 1915 215 1955 seu
229 1898 309 1955 locus
323 1915 358 1953 ac
373 1896 508 1971 spatium,
522 1896 612 1953 resin
626 1914 686 1970 quo
700 1914 835 1973 quaeque
849 1909 993 1973 gerantur,
1017 1916 1065 1972 955

164 1986 473 2063 pervideamusutrum
487 1986 600 2044 finitum
617 1984 746 2045 funditus
761 2006 849 2045 omne

164 2087 277 2136 constet
291 2095 327 2134 an
342 2078 516 2134 immensum
525 2074 629 2152 'pateat
641 2087 780 2152 vasteque
795 2077 983 2153 profundum.
1120 2102 1130 2141 r

205 2167 395 2242 Omne‘quod
409 2177 453 2226 est
466 2168 550 2243 igitur
563 2167 642 2224 nulla
653 2168 774 2243 regione
788 2169 899 2227 viarum
960 2158 1012 2252 tir,
1031 2166 1053 2211 tt
1064 2171 1080 2203 Ρ
1102 2158 1133 2250 ,1³5
1146 2154 1176 2223 '.²'

164 2258 321 2332 finitumst;
343 2277 468 2333 namque
483 2267 646 2316 extremum
662 2257 923 2337 debebatqhabere.
983 2222 1089 2424 69
1100 2252 1186 2337 ’ί’”’·”“ζ

163 2359 324 2407 extremum
338 2367 424 2424 porro
438 2348 542 2406 nullius
557 2367 644 2423 posse
659 2332 788 2408 videtur'
1145 2384 1159 2411 t
1175 2342 1185 2391 ἶ

164 2458 236 2511 esse,
250 2440 304 2497 nisi
318 2440 391 2496 ultra
404 2438 440 2495 sit
455 2436 536 2512 quod
550 2438 632 2496 finiat
643 2460 651 2512 3
674 2440 853 2534 uqvideatur
880 2432 927 2467 ¹⁸*
1014 2445 1033 2523 J·
1086 2468 1091 2483 ›
1125 2507 1129 2521 ‚
1159 2454 1186 2499 ·.

4 2568 19 2576 -
35 2575 79 2587 .
162 2535 222 2604 quo
237 2548 297 2587 non
312 2527 424 2604 longius
440 2527 513 2585 haec
527 2528 629 2586 sens'ds
643 2539 746 2588 natura
760 2541 905 2604 sequatur.

163 2639 242 2678 nunc
257 2629 336 2676 extra
350 2637 493 2677 summam
508 2620 648 2694 quoniam
661 2620 702 2677 nil
717 2639 780 2678 esse
795 2620 954 2693 fatendum,
990 2644 994 2651 ·
1041 2607 1059 2663 d
1078 2626 1097 2631 ''

163 2728 223 2768 nou
238 2709 324 2767 habet
338 2718 510 2782 extremum,
525 2719 605 2768 caret
620 2728 689 2785 ergo
704 2711 762 2767 fine
778 2710 937 2786 modoque.

163 2818 218 2857 uec
232 2800 317 2857 refert
331 2800 436 2873 quibus
450 2799 572 2858 adsistas
585 2800 751 2875 regionibus
766 2801 847 2875 eius3
1016 2809 1065 2874 965

162 2908 255 2964 usque
270 2887 354 2958 adeo,
370 2908 459 2963 quem
474 2892 596 2965 quisque
610 2891 709 2948 locum
723 2890 864 2965 possedit,
880 2893 910 2950 in
924 2893 1019 2951 omnis

163 2977 333 3036 tantundem
347 2981 436 3053 partis
450 2981 594 3037 infinitum
607 2966 696 3038 om'ne
710 2982 856 3057 relinquit.

162 3070 348 3145 praeterea‘si
363 3071 420 3127 iam
435 3053 548 3127 finitum
563 3072 755 3129 constituatur

162 3177 250 3217 omne
265 3160 347 3234 quod
362 3172 405 3218 est
418 3160 552 3234 spatium,
568 3159 657 3233 siquis
671 3172 821 3235 procurrat
835 3162 874 3221 ad
888 3178 953 3222 oras

161 3229 278 3308 ultinius
294 3260 436 3307 extremas
450 3250 593 3323 iaciatque
608 3250 721 3309 volatile
736 3253 836 3325 telum,
1016 3274 1067 3327 970

162 3339 194 3398 id
207 3340 309 3398 validis
323 3349 418 3396 utrum
433 3348 598 3419 contortum
612 3340 718 3398 viribus
733 3341 773 3398 ire
856 3351 857 3354 ’

163 3449 223 3506 quo
237 3431 322 3487 fuerit
335 3429 455 3488 missum
470 3407 560 3487 mainis
574 3429 721 3505 longeque
736 3432 844 3504 volare,

978 3032 1097 3087 .¹,
