2498 3894
130 230 194 295 206
463 243 693 300 coenamus
966 246 1035 317 [vr.

128 421 248 463 cernere
263 403 379 463 odorari
392 404 462 464 licet
475 414 505 463 et
519 406 623 463 sentire
638 423 750 464 sonare.
983 426 1033 480 935

169 496 258 554 Nunc
272 496 368 554 omnis
381 506 511 571 repetam
526 514 614 570 quam
629 514 692 554 raro
708 513 829 571 corpore
844 495 901 554 sint
914 515 960 554 res

128 603 377 658 commemorare3
400 585 482 660 quod
496 586 526 642 in
540 587 634 660 primo
649 605 768 661 quoque
783 587 911 644 carmine
926 588 1024 648 claret

126 677 236 751 quippe
252 676 369 748 etenim,
384 693 562 751 quamquam
577 677 681 734 multas
696 677 753 734 hoc
767 678 894 752 pertinet
908 677 946 735 ad
959 696 1006 738 res

126 784 258 837 noscere,
273 785 341 825 cum
355 767 455 842 primis
469 766 545 823 hanc
560 766 598 823 ad
613 785 674 824 rem
689 769 821 842 protinus
835 768 937 842 ipsam,

127 856 236 931 quade
252 856 392 914 disserere
406 856 569 931 adgredior,
584 857 698 915 firmare
713 870 862 916 necessest
981 881 1033 933 940

126 948 167 1004 nil
181 964 244 1004 esse
259 947 440 1021 inpromptu
455 947 509 1004 nisi
524 947 646 1004 mixtum
661 966 767 1022 corpus
782 949 869 1006 inani.

126 1037 271 1112 principio
286 1037 318 1093 fit
331 1046 363 1094 ut
377 1037 407 1094 in
421 1038 567 1112 speluncis
582 1056 651 1094 saxa
664 1056 790 1111 superne

126 1126 232 1184 sudent
247 1145 348 1184 umore
364 1136 393 1184 et
407 1128 494 1202 guttis
509 1128 688 1185 manantibu'
704 1129 819 1187 stillent.

125 1226 224 1275 manat
237 1217 308 1275 item
321 1217 406 1275 nobis
421 1236 437 1275 e
452 1226 516 1275 toto
530 1236 653 1292 corpore
667 1217 766 1289 sudor,

124 1309 228 1366 crescit
240 1309 331 1366 barba
344 1309 452 1384 pilique
467 1327 520 1384 per
533 1310 634 1367 omnia
648 1311 787 1382 membra,
808 1328 861 1386 per
874 1321 960 1370 artus
982 1329 1030 1385 945

125 1399 235 1457 diditur
248 1399 279 1456 in
292 1418 381 1456 venas
396 1400 478 1456 cibus
493 1400 598 1471 omnis,
612 1410 700 1474 auget
713 1400 821 1475 alitque

124 1490 254 1564 corporis
269 1499 412 1548 extremas
427 1507 545 1565 quoque
560 1491 647 1564 partis
661 1491 903 1565 unguiculosque.

123 1579 211 1654 frigus
226 1580 295 1637 item
310 1581 429 1637 transire
445 1598 497 1655 per
511 1598 560 1637 aes
574 1580 761 1654 calidumque
776 1600 916 1656 vaporem

123 1670 273 1742 sentimus,
288 1671 428 1728 sentimus
442 1671 512 1728 item
526 1671 646 1728 transire
660 1689 714 1746 per
728 1690 829 1729 aurum

123 1769 210 1834 atque
225 1777 278 1835 per
291 1770 452 1835 argentum,
467 1779 535 1818 cum
549 1761 656 1835 pocula
670 1761 757 1836 plena
771 1771 915 1821 tenemus.
981 1782 1031 1835 950

122 1849 250 1924 denique
264 1868 317 1925 per
331 1849 477 1924 dissaepta
491 1850 647 1908 domorum
662 1869 749 1909 saxea
763 1871 850 1910 voces

121 1941 303 2016 pervolitant,
318 1950 469 2016 permanat
484 1941 559 1999 odor
572 1942 718 2016 frigusque
733 1960 882 2017 vaposque

120 2031 204 2105 ignis,
220 2032 270 2105 qui
284 2032 349 2088 serri
364 2049 482 2104 quoque
497 2032 555 2088 vim
570 2042 722 2106 penetrare
737 2034 829 2090 suevit

121 2121 248 2196 denique
263 2139 322 2194 qua
335 2122 445 2178 circum
460 2122 535 2180 Galli
550 2123 640 2180 lorica
654 2134 781 2181 coercet.

121 2222 160 2283 et,
175 2221 348 2285 tempestate
363 2213 393 2268 in
408 2220 483 2268 terra
496 2214 637 2285 caeloque
653 2223 763 2283 coorta,
977 2234 1026 2286 955

121 2301 256 2359 morbida
269 2302 369 2376 visque
384 2302 469 2359 simul
483 2321 551 2359 cum
567 2303 745 2360 extrinsecus
761 2302 928 2375 insinuatur,

120 2391 151 2449 in
165 2393 278 2449 caelum
295 2401 441 2465 terrasque
456 2403 585 2450 remotae
600 2394 662 2449 iura
676 2394 830 2464 iacessunt,

122 2480 365 2557 quandoquidem
380 2483 420 2539 nil
435 2492 479 2540 est
493 2483 547 2539 nisi
561 2501 625 2540 raro
640 2484 765 2557 corpori'
780 2502 865 2541 nexu.

164 2574 234 2630 Huc
250 2572 365 2630 accedit
381 2573 422 2629 uti
437 2591 498 2630 non
512 2573 619 2643 omnia,
634 2592 710 2648 quae
725 2574 869 2630 iaciuntur

120 2680 245 2736 corpora
259 2681 386 2736 cumque
401 2663 438 2720 ab
452 2664 547 2736 robur,
563 2663 669 2720 eodem
685 2664 817 2738 praedita
830 2682 916 2722 sensu
978 2673 1030 2738 960

120 2762 208 2826 atque
224 2752 332 2809 eodem
347 2763 435 2827 pacto
450 2753 535 2810 rebus
550 2754 607 2810 sint
621 2755 756 2812 omnibus
770 2764 847 2829 apta.

119 2843 266 2917 principio
282 2852 386 2900 terram
400 2844 444 2900 sol
458 2844 597 2917 excoquit
612 2854 641 2901 et
656 2844 724 2901 sacit
738 2863 797 2916 are,

119 2940 149 2988 at
163 2932 287 3006 glaciem
301 2932 431 2990 dissolvit
446 2943 474 2989 et
489 2934 551 2990 altis
566 2935 714 2991 montibus
729 2935 801 2992 altas

118 3032 322 3096 extructasque
337 3023 418 3079 nives
432 3022 519 3080 radiis
534 3018 683 3081 tabescere
698 3025 785 3098 cogit.

118 3110 247 3186 denique
263 3131 330 3168 cera
344 3113 455 3186 liquefit
469 3113 500 3170 in
514 3113 576 3169 eius
590 3123 676 3187 posta
689 3131 808 3188 vapore.
949 3162 952 3168 .
977 3123 1026 3188 965

118 3201 193 3275 ignis
207 3202 277 3259 item
291 3201 434 3276 liquidum
449 3203 517 3260 sacit
532 3221 581 3260 aes
595 3221 755 3277 aurumque
769 3202 895 3277 resolvit,

117 3300 148 3349 at
162 3292 241 3349 coria
255 3301 284 3349 et
299 3310 417 3350 carnem
432 3293 518 3351 trahit
532 3302 562 3350 et
576 3293 717 3351 conducit
732 3294 762 3350 in
777 3313 877 3353 unum.

118 3400 203 3439 umor
216 3399 310 3457 aquae
325 3401 413 3458 porro
428 3384 534 3442 serrum
549 3383 693 3442 condurat
707 3385 745 3443 ab
760 3386 828 3461 igni,

118 3480 149 3531 at
162 3473 241 3532 coria
255 3482 285 3530 et
298 3491 417 3532 carnem
431 3475 524 3534 mollit
538 3474 641 3533 durata
654 3475 760 3536 calore.
