2498 3894
139 197 178 267 1.]
374 197 430 248 DE
455 197 602 251 RERUM
629 197 801 251 NATURA
1002 202 1036 264 13

135 369 168 417 ut
180 376 281 416 verear
294 375 332 416 ne
346 356 429 415 tarda
438 357 520 432 prius
534 376 588 431 per
601 358 733 415 membra
746 367 880 416 senectus

135 458 232 524 serpat
246 459 275 515 et
288 448 417 507 innobis
432 448 499 504 vitai
514 447 637 505 claustra
650 448 782 518 resolvat,
989 467 1035 518 415

135 530 290 613 quam‘tibi
303 537 342 595 de
357 538 457 613 quavis
471 555 574 595 unare
589 538 716 595 versibus
732 537 826 595 omnis
889 505 952 662 ff
963 519 1130 670 w

134 638 370 704 argumentorum
385 629 421 685 sit
435 629 522 702 copia
535 627 622 684 missa
636 646 689 702 per
702 628 786 685 auris.
946 622 959 647 '⁰
1189 623 1192 631 ’
1239 612 1241 619 ’

10 685 120 800 tentf
175 718 233 777 Sed
247 737 327 776 nunc
341 728 374 776 ut
386 727 518 792 repetam
532 691 670 795 coeffitum
706 694 833 774 erdebere
848 717 941 789 dictis,
1078 707 1133 750 Ἀ

10 820 35 916 g.
51 812 100 925 M
134 810 238 880 omnis,
253 817 286 866 ut
300 817 358 900 est,
368 808 454 882 igitur
467 783 565 882 pefbe
579 817 681 864 natura
695 807 808 865 duabus

32 895 41 942 ¹
102 888 111 906 ’
134 899 263 957 constitit
276 898 307 956 in
320 899 425 970 rebus3
447 916 516 955 nam
530 915 653 971 corpora
667 906 733 955 sunt
747 906 776 955 et
790 898 885 969 inane,

12 983 72 1048 <aa
83 1015 98 1032 ·
134 989 208 1047 haee
221 989 252 1046 in
266 1007 326 1063 quo
340 988 395 1045 sita
408 996 475 1045 sunt
489 996 519 1044 et
532 1005 591 1061 qua
604 986 716 1043 diversa
730 997 888 1045 moventur.

10 1084 13 1151 ’,
56 1141 65 1161 .
133 1060 240 1154 ctissius
255 1079 334 1136 enim
347 1065 625 1153 peffiegommunis
640 1076 758 1141 dedicat
772 1096 834 1134 esse
854 1096 883 1140 ω

26 1210 32 1215 .
134 1156 255 1241 sensu&
278 1140 328 1226 tbi
340 1168 395 1225 nisi
409 1154 503 1242 prima
517 1166 591 1224 fides
605 1167 726 1224 fundata
737 1168 851 1240 valebit,
862 1161 954 1214 W*

45 1258 47 1265 '
73 1238 81 1276 t
133 1259 204 1317 haut
218 1259 271 1316 erit
286 1257 408 1315 occultis
422 1256 460 1314 de
474 1258 561 1314 rebus
576 1275 634 1331 quo
648 1258 803 1315 referentes

133 1350 305 1406 confirmare
320 1347 408 1405 animi
422 1348 581 1422 quicquam
594 1348 706 1405 ratione
721 1366 867 1421 queamus.

132 1451 196 1498 tum
209 1457 296 1513 porro
310 1438 391 1495 locus
406 1456 441 1494 ac
456 1438 591 1512 spatium,
606 1437 688 1512 quod
701 1439 785 1494 inane
800 1457 945 1512 vocamus,
1106 1477 1108 1480 .

133 1531 157 1587 si
170 1530 281 1586 nullum
295 1528 378 1599 foret,
393 1527 464 1585 haut
477 1546 601 1601 usquam
615 1503 672 1585 sid
683 1546 804 1601 corpora
817 1540 934 1602 possent
1015 1487 1151 1641 stuf·

133 1637 307 1702 esse7neque
322 1618 443 1675 omnino
458 1636 607 1692 quoquam
622 1617 735 1675 diversa
747 1636 860 1690 meare3

132 1710 163 1768 id
178 1708 259 1784 quod
273 1709 331 1765 iam
345 1688 458 1782 suped?
463 1708 515 1766 tibi
529 1707 616 1782 paulo
631 1707 809 1766 ostendimus
824 1719 898 1768 ante.
1016 1709 1081 1858 ff
1111 1714 1117 1781 j

131 1810 281 1875 praeterea
294 1798 334 1855 nil
349 1807 392 1855 est
406 1797 488 1873 quod
502 1799 596 1872 possis
610 1798 707 1856 dicere
721 1800 758 1856 ab
773 1800 852 1856 omni
984 1823 1014 1872 43

10 1915 45 1998 κθ
132 1908 254 1965 corpore
269 1889 433 1946 seiunctum
448 1897 652 1961 secretumque
666 1905 730 1946 esse
744 1889 781 1945 ab
794 1889 881 1962 inani,

132 1979 213 2054 quod
227 1979 310 2053 quasi
324 1978 408 2035 tertia
422 1978 458 2035 sit
471 1996 595 2035 numero
608 1996 647 2035 na
680 1997 712 2034 ra
724 1989 845 2052 reperta.

10 2060 77 2163 dd
131 2088 200 2127 nam
215 2056 424 2144 quodeumque
440 2068 501 2139 erit,
517 2086 581 2125 esse
596 2068 632 2124 ali
655 2067 706 2124 uid
720 2067 838 2126 debebit
852 2068 882 2126 id
896 2069 1009 2144 ipsum;
1184 2100 1190 2114 ι

10 2175 56 2196 f
72 2217 91 2230 ,
131 2129 325 2218 cuiiitaetus
340 2158 394 2216 erit
408 2147 539 2232 quamvis
553 2157 623 2215 levis
639 2159 825 2232 exiguusque,
866 2144 1000 2246 ᾂῖΐίη
1107 2140 1240 2228 M

10 2224 116 2340 Mn
132 2251 267 2325 augmine
280 2251 328 2308 vel
340 2247 444 2324 grandi
456 2248 503 2305 vel
516 2266 605 2322 parvo
620 2247 756 2322 denique,
768 2248 838 2305 dum
853 2249 896 2319 sit,
985 2194 1179 2321 4577?
1215 2309 1220 2317 ,

120 2331 261 2415 'corporis
275 2339 392 2414 augebit
407 2357 563 2395 numerum
578 2313 779 2413 summam’due
795 2349 936 2413 sequetur.
957 2331 1061 2400 AM(
1070 2310 1177 2406 me

131 2431 175 2488 sin
189 2429 316 2488 intactile
332 2430 393 2501 ent,
409 2428 490 2486 nulla
504 2427 543 2486 de
557 2438 639 2503 pane
653 2428 733 2503 quod
748 2430 833 2486 ullam
941 2414 1015 2545 sd
1042 2441 1097 2490 cc
1110 2413 1181 2500 μ’

130 2540 194 2579 rem
207 2521 360 2596 prohibere
375 2528 464 2594 queat
478 2537 531 2594 per
545 2537 576 2576 se
592 2519 710 2576 transire
724 2529 879 2591 meantem,
1002 2552 1004 2557 s
1245 2542 1249 2601 ¹,

131 2612 242 2668 scilieet
256 2611 313 2668 hoc
326 2609 358 2668 id
371 2610 434 2682 etit,
447 2629 574 2668 vacuum
588 2609 670 2684 quod
684 2609 770 2667 inane
785 2628 933 2669 vocamus.
981 2564 1202 2713 mvw'fht
1236 2624 1237 2629 ¹

131 2711 282 2776 praeterea
294 2718 347 2776 per
361 2718 392 2759 se
407 2700 619 2776 quodcumque
635 2699 697 2772 erit,
712 2711 762 2757 aut
776 2700 861 2757 faciet
875 2701 957 2787 quid,
985 2724 1033 2770 440
1136 2729 1139 2734 ·
1169 2711 1172 2717 '

132 2800 182 2848 aut
195 2790 256 2848 aliis
270 2767 351 2866 fuii'gi
364 2789 485 2849 debebit
500 2790 652 2866 agentibus
666 2759 781 2872 ipsdin,
888 2778 1064 2934 hyffa)
1103 2799 1224 2878 hm,

132 2891 182 2938 aut
195 2881 249 2939 en't
262 2890 294 2938 ut
307 2881 464 2986 possintp'n
478 2900 515 2939 eo
529 2899 577 2938 res
591 2898 655 2937 esse
670 2880 797 2954 gerique.
902 2888 1068 2998 Aac&
1194 2918 1233 3003 -9

132 2966 168 3029 ad
181 2972 277 3029 facere
292 2980 322 3028 et
335 2972 415 3047 fungi
430 2990 492 3029 sine
508 2989 631 3046 corpore
645 2970 723 3027 nulla
737 2980 834 3044 potest
847 2989 893 3027 res
896 3009 907 3045 7
948 2908 1195 3099 Mun-ff
1235 3040 1238 3046 ¹

133 3079 190 3120 nec
203 3061 342 3137 praebere
356 3063 454 3119 locum
468 3079 555 3136 porro
569 3060 625 3118 nisi
637 3061 723 3118 inane
738 3077 910 3134 vacansque.

133 3168 203 3226 ergo
215 3159 330 3226 praeter
342 3151 428 3208 inane
444 3160 473 3208 et
487 3169 611 3226 corpora
624 3124 707 3207 tedia
720 3168 772 3224 per
787 3167 817 3206 se
817 3201 849 3244 ᾗ
986 3170 1032 3222 445
1050 3151 1082 3215 4,
1098 3160 1144 3210 ,a
1242 3173 1249 3189 1¹

132 3240 211 3299 nulla
223 3250 321 3315 potest
333 3259 428 3298 rernm
442 3241 473 3298 in
486 3259 609 3298 numero
623 3251 724 3297 natura
738 3239 870 3313 relinqui,
895 3245 1075 3321 ιιχραω

132 3347 190 3389 nec
203 3311 279 3405 qdd'e
294 3331 347 3389 sub
361 3349 461 3389 sensus
475 3331 562 3389 cadat
575 3331 633 3388 ullo
647 3340 779 3405 tempore
794 3338 908 3387 nostros
935 3331 1085 3402 danaae

132 3420 314 3478 uectatione
328 3421 417 3479 animi
431 3439 519 3495 quam
537 3422 690 3495 quisquam
704 3420 794 3496 possit
808 3419 907 3494 apisci.

29 3527 1073 3782 maumewffi..
