2498 3894
128 200 201 271 ut]
375 202 597 256 narrarunt
625 202 798 258 NATURA
993 194 1035 273 87

125 372 219 422 servat
233 363 315 421 humi
328 363 439 422 voltum
453 363 570 422 vitalem
584 363 745 439 oculosque
760 364 898 440 patentis
983 376 1029 439 655

126 452 222 511 donec
236 454 371 528 reliquias
386 455 492 511 animai
506 453 635 512 reddidit
649 472 763 512 omnes.

125 544 196 618 quin
211 545 297 601 etiam
312 544 364 602 tibi
378 545 402 602 si
408 544 513 621 ,lingua
526 545 656 602 vibrante
671 544 792 601 micanti

125 635 266 709 serpentis
281 633 407 707 cau'da,e
421 653 545 710 procero
560 653 684 710 corpore
699 644 857 711 utrumque

124 724 161 782 sit
175 725 289 782 libitum
302 725 333 782 in
346 725 450 782 multas
464 725 553 800 partis
568 724 713 784 discidere
729 727 814 801 ferro,

124 815 224 871 omnia
238 815 295 871 iam
309 832 422 872 sorsum
437 833 539 873 cernes
554 796 653 872 andisa
667 818 779 874 recenti
979 827 1029 877 660
1084 894 1088 905 Ι
1123 884 1129 905 Ι
1159 882 1168 891 ,-

123 904 240 962 volnere
255 905 354 961 tortari
368 915 397 962 et
411 914 515 961 terram
531 923 725 980 conspargere
739 907 819 980 tab0,

123 994 216 1068 ipsam
230 1012 321 1070 seque
335 1003 411 1053 retro
426 1004 539 1072 partem
554 1007 653 1070 petere
669 1014 719 1054 ore
730 997 868 1071 priorem,

123 1083 246 1142 volneris
260 1083 374 1141 ardenti
387 1094 420 1141 ut
434 1103 531 1142 morsu
545 1096 658 1160 premat
673 1087 730 1143 icta
745 1085 887 1146 dolorem.

123 1175 259 1233 omnibus
274 1192 337 1232 esse
352 1175 437 1250 igitur
452 1184 526 1233 totas
541 1174 673 1233 dicemus
688 1177 718 1233 in
733 1160 786 1234 illis

122 1265 269 1340 particulis
283 1265 415 1323 animas?
428 1274 458 1323 at
472 1284 507 1323 ea
521 1267 632 1324 ratione
648 1276 787 1340 sequetur
980 1276 1027 1341 665

122 1373 212 1412 unam
225 1355 402 1414 animantem
418 1357 528 1414 animas
543 1356 677 1414 habuisse
693 1357 723 1413 in
738 1375 861 1431 corpore
876 1359 989 1427 multas.

123 1463 193 1520 ergo
209 1444 327 1505 divisast
341 1465 464 1522 eaquae
479 1448 532 1504 fuit
546 1466 604 1504 una
618 1447 703 1504 simul
718 1466 786 1504 cum

124 1555 268 1613 corpore;
289 1550 467 1615 quapropter
481 1539 601 1597 mortale
616 1548 772 1614 utrumque
787 1540 987 1615 putandumst,

123 1628 156 1686 in
170 1629 274 1687 multas
288 1631 428 1705 quoniam
442 1631 530 1705 partis
545 1629 697 1688 disciditur
710 1648 814 1704 aeque.

163 1720 315 1777 Praeterea
329 1721 353 1778 si
367 1721 525 1778 inmortalis
540 1730 643 1776 natura
656 1720 764 1777 animai
979 1730 1028 1788 670

122 1819 237 1867 constat
250 1820 280 1868 et
294 1811 324 1868 in
339 1828 445 1886 corpus
459 1811 646 1868 nascentibus
661 1810 828 1883 insinuatur,

122 1917 175 1956 cur
187 1918 275 1975 super
286 1910 452 1959 anteactam
465 1910 591 1958 aetatem
606 1900 772 1958 meminisse
786 1902 941 1976 nequimus

121 2006 178 2047 nec
192 1991 313 2066 vestigia
325 2001 472 2066 gestarum
484 2009 581 2049 rerum
594 1991 652 2048 ulla
665 1993 821 2050 tenemus?

120 2098 190 2137 nam
205 2081 229 2138 si
243 2090 324 2139 tanto
338 2091 456 2157 operest
469 2082 558 2139 animi
573 2091 684 2139 mutata
697 2091 838 2156 potestas,

121 2171 217 2229 omnis
231 2180 264 2228 ut
277 2180 407 2229 actarum
422 2170 563 2230 exciderit
576 2172 730 2229 retinentia
744 2190 850 2244 rerum,
980 2180 1026 2244 675

120 2278 192 2333 non,
206 2270 238 2318 ut
251 2261 365 2336 opinor,
380 2260 411 2319 id
426 2279 443 2319 a
456 2262 515 2319 leto
530 2261 589 2318 iarn
603 2262 727 2336 longiter
741 2271 835 2335 errat;

121 2360 299 2429 quapropter
313 2352 419 2409 fateare
433 2360 581 2410 necessest
596 2370 672 2426 quae
686 2352 739 2409 fuit
753 2362 821 2409 ante

119 2441 262 2501 interiisse
277 2451 307 2499 et
320 2460 396 2517 quae
410 2460 489 2500 nunc
504 2452 548 2501 est
562 2461 642 2500 nunc
657 2460 720 2501 esse
735 2452 872 2502 creatam.

162 2532 318 2591 Praeterea
331 2532 355 2591 si
368 2532 427 2590 iarn
440 2534 571 2608 perfecto
586 2551 710 2607 corpore
724 2533 808 2593 nobis

48 2622 52 2631 ’
119 2620 218 2681 inferri
232 2623 343 2681 solitast
355 2622 446 2681 animi
459 2623 554 2682 vivata
567 2632 698 2698 potestas
977 2630 1028 2681 680

120 2722 185 2773 tum
200 2731 269 2772 cum
282 2713 429 2799 gignimur
441 2723 472 2773 et
484 2714 560 2773 vitae
576 2733 644 2771 cum
658 2714 748 2771 limen
763 2714 879 2785 inimus,
971 2784 975 2791 Ι

119 2801 202 2863 haud
215 2803 256 2863 ita
269 2796 464 2863 contremebat
476 2805 519 2863 uti
534 2823 602 2862 cum
617 2822 740 2878 corpore
756 2814 785 2861 et
800 2823 859 2861 una
936 2828 951 2878 s
966 2832 978 2841 ··
1019 2844 1032 2853 .-
1073 2860 1078 2867 ,

120 2912 192 2953 cum
204 2894 344 2953 membris
357 2893 490 2954 videatur
503 2895 534 2952 in
549 2895 614 2970 ipso
629 2895 769 2969 sanguine
785 2912 890 2966 cresse,

119 2982 176 3043 sed
188 2984 267 3043 velut
280 2985 311 3042 in
325 3002 416 3043 cavea
428 3003 527 3061 perse
542 2985 597 3043 sibi
611 2985 706 3043 vivere
722 2984 823 3042 solam.

120 3070 274 3155 [convenit
286 3083 318 3132 ut
331 3092 418 3133 sensu
434 3092 540 3149 corpus
555 3084 654 3133 tamen
668 3073 768 3130 affluat
783 3072 888 3151 omne]
979 3082 1026 3145 685

119 3161 205 3239 quod
217 3163 281 3223 fieri
293 3172 389 3223 totum
403 3174 505 3223 contra
520 3164 674 3222 manifesta
688 3163 778 3221 docet
791 3181 837 3222 res
847 3185 857 3237 3

118 3270 249 3330 namque
264 3254 305 3313 ita
318 3258 433 3314 conexa
447 3265 491 3313 est
504 3273 557 3330 per
570 3272 660 3313 venas
674 3254 786 3312 viscera
799 3272 906 3312 nervos

120 3362 256 3421 ossaque,
271 3344 314 3403 uti
328 3344 432 3405 dentes
446 3364 566 3420 quoque
581 3363 668 3417 sensu
682 3344 913 3427 participentur,

119 3436 241 3495 morbus
254 3444 287 3494 ut
300 3434 410 3495 indicat
423 3445 454 3494 et
467 3434 573 3511 gelidai
586 3424 710 3511 stringor
723 3434 810 3510 aquai
