2498 3894
125 183 176 254 V.]
359 185 414 237 DE
441 184 587 239 RERUM
614 185 785 241 NATURA
969 176 1026 254 165

125 346 330 420 saetigerisque
344 363 428 420 pares
442 346 526 404 subu’
541 347 583 405 sic
597 346 736 405 silvestria
749 348 879 407 membra
978 370 1028 421 970

92 465 97 472 ·
124 435 204 494 nuda
218 436 326 494 dabant
339 446 432 494 terrae
447 446 591 494 nocturno
606 447 737 512 tempore
753 439 841 512 capti,

124 526 233 583 circum
248 544 279 583 se
294 526 367 583 soliis
382 545 417 582 ac
431 526 582 584 frondibus
597 527 783 586 involventes

123 633 180 673 nec
194 616 332 690 plangore
347 615 425 674 diem
441 635 548 690 magno
564 618 714 691 solemque
729 635 782 692 per
795 636 879 693 agros

57 761 58 765 ,
124 705 301 780 quaerebant
315 705 414 779 pavidi
428 706 558 780 palantes
574 708 668 764 noctis
683 707 713 764 in
728 709 846 781 umbris,
874 777 876 782 Ι

122 796 176 854 sed
190 796 269 854 taciti
283 797 486 870 respectabant
500 814 663 870 somnoque
678 798 791 872 sepulti,
978 818 1026 872 975

123 886 194 944 dum
208 905 292 944 rosea
306 887 369 944 face
384 887 428 944 sol
442 887 557 943 inferret
571 887 682 943 lumina
696 887 787 946 caelo.

121 996 140 1035 a
154 977 247 1051 parvis
261 976 343 1051 quod
358 977 435 1034 enim
450 986 625 1034 consuerant
640 994 757 1034 cernere
772 996 890 1052 semper

122 1069 232 1125 alterno
246 1068 380 1125 tenebras
395 1076 424 1123 et
438 1067 534 1123 lucem
549 1076 681 1140 tempore
696 1068 784 1142 gigni,

121 1176 183 1216 non
198 1167 258 1215 erat
274 1167 306 1214 ut
320 1157 382 1214 fieri
395 1167 496 1231 posset
511 1157 638 1213 mirarier
652 1175 792 1231 umquam

122 1265 179 1305 nec
195 1247 327 1305 diffidere
342 1265 379 1303 ne
394 1256 482 1304 terras
497 1257 615 1304 aeterna
629 1256 741 1304 teneret

122 1355 183 1394 nox
198 1337 227 1393 in
242 1347 416 1410 perpetuum
431 1336 562 1394 detracto
577 1336 685 1394 lumine
700 1336 777 1395 solis.

123 1425 177 1484 sed
191 1425 282 1500 magis
298 1425 367 1483 illud
383 1436 443 1483 erat
457 1445 553 1498 curae,
568 1426 650 1500 quod
664 1427 760 1484 saecla
774 1427 898 1484 ferarum

121 1516 253 1575 infestam
268 1517 378 1575 miseris
392 1517 537 1574 faciebant
551 1534 639 1592 saepe
654 1517 792 1597 quietem.

120 1609 265 1683 eiectique
280 1607 370 1666 domo
385 1607 533 1682 fugiebant
547 1625 634 1664 saxea
648 1616 727 1664 tecta

121 1699 279 1774 spumigeri
293 1699 351 1756 suis
365 1696 492 1755 adventu
506 1696 628 1754 validive
643 1697 736 1755 leonis
978 1706 1026 1771 985

120 1800 208 1866 atque
223 1792 398 1863 intempesta
411 1786 557 1845 cedebant
571 1797 658 1845 nocte
673 1797 812 1862 paventes

121 1879 282 1956 hospitibus
296 1878 387 1936 saevis
402 1877 520 1934 instrata
532 1877 638 1935 cubilia
652 1877 764 1936 fronde.

162 1971 228 2027 Nec
242 1969 332 2026 nimio
347 1977 408 2025 tum
422 1968 486 2041 plus
500 1985 590 2041 quam
605 1986 683 2024 nunc
699 1969 830 2025 mortalia
844 1969 940 2026 saecla

120 2059 218 2117 dulcia
230 2060 401 2135 linquebant
415 2058 536 2115 labentis
550 2057 660 2115 lumina
673 2058 757 2116 vitae.
805 2109 807 2112 .

120 2168 194 2208 unus
209 2151 287 2207 enim
302 2160 363 2208 tum
379 2148 501 2223 quisque
517 2148 608 2222 magis
623 2147 784 2222 deprensus
799 2167 901 2207 eorum
976 2170 1026 2221 990

120 2241 226 2315 pabula
238 2241 303 2297 viva
315 2241 382 2297 feris
397 2239 563 2314 praebebat,
579 2238 715 2295 dentibus
730 2238 858 2309 haustus

121 2340 151 2388 et
165 2348 285 2388 nemora
299 2349 334 2387 ac
349 2330 457 2387 montis
472 2329 581 2404 gemitu
596 2328 741 2411 silvasque·
752 2328 883 2403 replebat

120 2421 185 2478 viva
199 2419 300 2478 videns
315 2420 380 2478 vivo
395 2420 510 2494 sepeliri
524 2419 634 2475 viscera
648 2418 743 2476 bustoss

120 2520 150 2566 at
166 2528 240 2584 quos
254 2509 392 2584 effugium
407 2518 532 2566 servarat
547 2526 668 2582 corpore
684 2507 785 2579 adeso,

120 2601 262 2675 posterius
276 2599 411 2660 tremulas
425 2617 513 2672 super
527 2599 624 2656 ulcera
637 2607 729 2655 taetra
742 2607 876 2657 tenentes
976 2615 1024 2671 995

120 2691 231 2765 palmas
246 2690 389 2748 horriferis
404 2689 540 2746 accibant
553 2689 675 2746 vocibus
691 2687 811 2760 Orcum,

120 2779 250 2856 donique
265 2797 316 2838 eos
329 2780 388 2837 vita
402 2779 546 2852 privarant
560 2779 689 2836 vennina
703 2795 788 2836 saeva

121 2871 245 2946 expertis
260 2871 333 2944 opis,
349 2870 463 2946 ignaros
478 2867 550 2947 quid
564 2868 683 2925 volnera
696 2867 812 2927 vellent.

120 2970 150 3019 at
163 2980 224 3019 non
238 2961 328 3018 multa
341 2961 433 3018 virum
448 2960 502 3018 sub
516 2958 604 3036 signis
618 2959 698 3015 milia
712 2958 802 3016 ducta

120 3069 179 3108 una
193 3051 256 3109 dies
271 3050 359 3109 dabat
372 3051 461 3107 exitio
475 3067 531 3106 nec
546 3047 662 3107 turbida
675 3050 758 3122 ponti
962 3067 1025 3103 rooo

120 3159 248 3216 aequora
261 3141 397 3216 lligebant
411 3140 490 3197 navis
505 3138 544 3196 ad
558 3157 627 3197 saxa
641 3138 785 3215 virosque.

120 3231 168 3289 hic
182 3240 292 3288 temere
306 3231 336 3288 in
351 3249 464 3289 cassum
479 3230 581 3287 frustra
595 3247 673 3286 mare
689 3247 777 3303 saepe
792 3237 925 3287 coortum

119 3321 249 3383 saevibat
262 3321 419 3396 leviterque
434 3321 525 3378 minas
540 3320 669 3394 ponebat
682 3319 785 3389 inanis,

119 3430 178 3471 nec
190 3421 305 3488 poterat
319 3404 497 3490 quemquam
512 3409 619 3487 placidi
634 3409 756 3486 pellacia
769 3408 853 3484 ponti
