2498 3894
164 185 213 256 v.]
405 186 459 239 na
486 186 633 240 aarum
660 186 832 241 maruan
1007 187 1066 253 147

164 343 246 420 quod
259 345 283 404 si
297 346 370 404 sorte
384 345 471 404 fuisse
485 345 610 404 antehac
625 345 730 404 eadem
744 346 844 404 omnia
857 345 962 420 credis,

163 434 217 492 sed
230 435 348 510 periisse
363 434 515 493 hominum
529 437 649 494 torrenti
663 437 759 494 saecla
771 454 890 512 vapore,

162 533 213 582 aut
227 524 367 582 cecidisse
382 525 459 584 urbis
474 544 581 600 magno
594 527 746 584 vexamine
762 527 874 601 mundi,
1017 545 1069 598 340

163 623 213 672 aut
226 631 263 672 ex
277 615 416 673 imbribus
431 614 559 673 adsiduis
575 617 667 674 exisse
682 634 802 691 rapaces

162 720 215 779 per
228 713 315 762 terras
330 723 430 762 amnes
444 715 532 780 atque
547 705 659 780 oppida
673 706 869 781 cooperuisse,

162 803 243 851 tanto
258 794 366 876 quique
381 795 472 870 magis
487 795 580 853 victus
595 797 702 853 fateare
717 805 865 854 necessest

163 883 282 940 exitium
296 902 414 960 quoque
429 895 567 943 terrarum
582 886 714 960 caelique
729 887 866 944 futurum.

162 991 230 1030 nam
245 992 312 1031 cum
327 992 372 1033 res
387 975 473 1033 tantis
488 976 596 1034 morbis
611 977 755 1050 tantisque
769 976 883 1051 periclis
1017 993 1064 1046 345

162 1072 379 1138 temptarentur‚
395 1065 435 1124 ibi
449 1065 473 1123 si
487 1066 593 1124 tristior
607 1066 785 1124 incubuisset

162 1170 258 1224 causa,
273 1153 376 1211 darent
389 1154 446 1213 late
460 1154 575 1213 cladem
590 1173 768 1230 magnasque
782 1156 889 1213 ruinas.

161 1261 218 1299 nec
233 1244 343 1302 ratione
358 1244 414 1302 alia
428 1245 563 1304 mortales
577 1263 640 1302 esse
654 1245 796 1317 videmur,

161 1332 303 1392 internos
317 1334 372 1392 nisi
386 1333 468 1409 quod
482 1335 589 1393 morbis
604 1335 797 1409 aegrescimus
813 1334 906 1393 isdem

162 1432 250 1498 atque
265 1424 303 1481 illi
317 1442 392 1498 quos
406 1443 424 1482 a
438 1425 495 1482 vita
509 1434 610 1482 natura
624 1425 756 1483 removit.
1017 1441 1065 1494 350

203 1515 354 1572 Praeterea
367 1533 570 1590 quaecumque
584 1524 704 1572 manent
718 1524 836 1572 aeterna
850 1523 1002 1573 necessust

161 1612 219 1674 aut,
235 1605 304 1678 quia
317 1615 384 1662 sunt
398 1604 493 1662 solido
507 1623 575 1661 cum
590 1623 722 1679 corpore,
737 1621 872 1678 respuere
887 1604 961 1661 ictus

161 1711 217 1751 nec
230 1704 382 1768 penetrare
396 1695 457 1769 pati
471 1694 525 1752 sibi
540 1695 699 1769 quicquam
714 1693 796 1768 quod
810 1703 898 1768 queat
912 1703 987 1751 artas

161 1783 317 1841 dissociare
333 1784 409 1842 intus
424 1785 521 1858 partis,
537 1794 568 1841 ut
582 1785 711 1842 materiai

160 1891 284 1949 corpora
297 1883 364 1932 sunt
377 1892 502 1949 quorum
516 1883 648 1931 naturam
662 1873 843 1933 ostendimus
858 1882 935 1945 ante,
1017 1889 1063 1942 355

160 1973 210 2022 aut
223 1964 295 2021 ideo
311 1964 413 2022 durare
428 1974 554 2022 aetatem
568 1982 654 2032 posse
669 1982 864 2038 peromnem,

160 2054 308 2128 plagarum
323 2055 392 2129 quia
405 2064 473 2111 sunt
487 2055 624 2129 expertia,
640 2055 715 2111 sicut
729 2055 814 2111 inane
829 2063 874 2112 est

161 2144 242 2218 quod
256 2154 356 2203 manet
369 2145 508 2201 intactum
523 2162 619 2218 neque
634 2145 672 2203 ab
686 2145 745 2201 ictu
760 2144 886 2218 fungitur
900 2142 1000 2214 hilum,

160 2243 209 2291 aut
224 2235 312 2292 etiam
326 2234 395 2309 quia
408 2234 485 2291 nulla
500 2234 556 2291 loci
570 2235 602 2291 fit
613 2235 700 2308 copia
714 2235 834 2304 circum,

99 2367 103 2374 .
160 2341 220 2398 quo
233 2324 315 2398 quasi
328 2342 374 2381 res
388 2324 502 2398 possint
516 2323 667 2381 discedere
682 2323 870 2397 dissoluique,
1011 2327 1061 2391 360

162 2413 236 2470 sicut
250 2432 429 2471 summarum
443 2432 556 2470 summa
570 2423 615 2470 est
628 2423 746 2470 aeterna
760 2431 856 2487 neque
871 2422 952 2470 extra

163 2482 212 2578 ddi
226 2504 308 2561 locus
323 2512 367 2562 est
381 2521 440 2578 quo
455 2502 595 2561 dissiliant
609 2522 705 2578 neque
720 2522 844 2578 corpora
857 2514 925 2561 sunt
939 2519 1014 2577 quae

160 2594 273 2668 possint
288 2592 416 2651 incidere
431 2602 461 2651 et
474 2593 570 2650 valida
584 2593 739 2653 dissolvere
753 2594 846 2668 plaga.

161 2693 190 2740 at
204 2700 310 2757 neque,
325 2683 368 2740 uti
382 2681 481 2754 docui,
496 2682 591 2740 solido
606 2702 672 2739 cum
687 2699 811 2757 corpore
827 2680 930 2739 mundi

159 2783 295 2843 naturast,
309 2774 449 2848 quoniam
462 2772 650 2831 admixtumst
664 2775 694 2831 in
709 2775 794 2831 rebus
808 2774 903 2844 inane,
1013 2777 1060 2842 365

159 2880 216 2920 nec
230 2873 330 2920 tamen
344 2872 389 2921 est
402 2872 434 2921 ut
447 2863 542 2933 inane,
558 2881 654 2937 neque
669 2872 766 2920 autem
781 2879 905 2937 corpora
919 2860 1035 2931 desunt,

160 2970 198 3010 ex
211 2953 325 3010 infinito
339 2971 415 3028 quae
429 2953 543 3028 possint
557 2954 629 3010 forte
644 2963 747 3011 coorta

160 3059 294 3100 corruere
309 3042 385 3100 hanc
399 3061 495 3101 rerum
510 3042 637 3099 violento
652 3043 765 3099 turbiue
780 3059 926 3099 summam

159 3141 209 3189 aut
222 3132 308 3190 aliam
322 3133 454 3207 quamvis
468 3131 583 3190 cladem
598 3132 742 3206 inportare
756 3132 866 3206 pericli,

159 3239 215 3280 nec
229 3239 317 3296 porro
331 3231 433 3280 natura
447 3221 507 3289 loci
520 3222 705 3297 spatiumque
719 3220 857 3295 profundi
1015 3239 1064 3291 370

160 3309 268 3384 deficit,
283 3312 416 3387 exspargi
430 3330 490 3387 quo
503 3312 617 3387 possint
630 3312 749 3370 moenia
762 3309 874 3384 mundi,

160 3411 210 3460 aut
222 3401 279 3461 alia
291 3403 391 3478 quavis
405 3411 529 3478 possunt
540 3401 569 3460 vi
582 3401 667 3478 pulsa
680 3401 785 3476 perire.
