2498 3894
155 211 197 292 98
497 223 727 278 LUCRETIUS
983 223 1055 294 [111.

154 385 272 462 pondus
286 387 381 445 inesse
395 386 494 444 animo
508 385 590 462 quod
603 405 634 445 se
649 387 786 462 gravitate
801 386 909 462 fatiget,

155 495 172 534 e
186 478 291 552 quibus
305 476 336 534 id
350 478 401 534 fiat
415 477 507 534 causis
521 495 641 551 quoque
654 496 775 535 noscere
790 487 820 535 et
833 477 913 536 unde
996 495 1039 549 105
1043 496 1057 550 5

154 576 233 625 tanta
247 568 315 625 mali
328 577 477 642 tamquam
491 566 583 625 moles
596 567 627 623 in
640 576 761 642 pectore
775 578 899 639 constet,

154 657 224 716 haut
238 658 277 715 ita
290 658 378 715 vitam
393 667 520 732 agerent,
534 667 567 714 ut
576 674 660 741 'nunc
674 657 847 731 plerumque
861 656 995 716 videmus

153 747 226 822 quid
240 747 294 805 sibi
308 748 431 822 quisque
445 738 683 835 velitnesciresst
697 765 835 821 quaerere
850 765 966 822 semper

153 847 334 895 commutare
349 837 447 894 locum
463 837 545 912 quasi
559 855 634 894 onus
650 836 799 912 deponere
813 838 914 912 possit.

153 928 212 985 exit
226 945 314 1002 saepe
329 928 404 985 foras
419 928 531 1002 magnis
546 945 583 984 ex
597 926 719 985 aedibus
733 927 789 999 ille,
996 933 1059 984 1060

153 1035 217 1075 esse
232 1017 314 1076 domi
328 1036 418 1092 quem
431 1025 632 1092 pertaesumst,
648 1017 803 1091 subitoque
817 1017 942 1089 revertit,

153 1107 262 1183 quippe
277 1108 345 1166 soris
359 1108 419 1165 nilo
433 1108 535 1201 melius
550 1108 601 1182 qui
614 1107 720 1165 sentiat
734 1083 806 1165 εεζὲ.

153 1198 241 1254 currit
254 1215 344 1272 agens
358 1217 481 1255 mannos
496 1197 534 1255 ad
547 1198 643 1255 villam
657 1197 890 1272 praecipitanter,

152 1287 290 1345 auxilium
304 1289 388 1346 tectis
403 1289 485 1363 quasi
499 1289 571 1346 serre
586 1287 754 1346 ardentibus
768 1287 897 1359 instans;

152 1378 256 1435 oscitat
271 1379 427 1453 extempl0,
442 1379 535 1453 tetigit
549 1397 618 1435 cum
631 1378 732 1436 limina
745 1377 836 1450 villae,
996 1383 1057 1448 1065

152 1477 203 1525 aut
216 1468 276 1525 abit
289 1468 319 1525 in
332 1487 468 1526 somnum
483 1469 575 1543 gravis
590 1478 678 1543 atque
693 1467 800 1525 oblivia
813 1467 934 1541 quaerit,

152 1566 202 1615 aut
216 1542 303 1615 etiarn
317 1576 476 1634 properans
491 1559 593 1616 urbem
608 1560 681 1634 petit
695 1566 783 1632 atque
797 1557 903 1615 revisit.

151 1647 211 1706 hoc
225 1667 256 1706 se
271 1650 393 1724 quisque
408 1648 499 1707 modo
513 1650 586 1724 sugit
604 1648 752 1725 (atquem
767 1648 885 1717 scilicet,
901 1656 933 1706 ut
947 1647 1007 1729 fit„
1091 1692 1109 1727 Α.

1002 700 1049 758 ‚..

152 1737 277 1814 effugere
293 1738 363 1797 haut
376 1740 453 1814 potis
468 1748 520 1812 est,
537 1739 654 1814 ingratis
669 1725 782 1810 haeret)
803 1747 833 1796 et
846 1736 911 1798 odit
963 1726 1026 1789 01²¹·
1037 1750 1071 1813 ἰῇ
1140 1732 1190 1811 *ζ”
1208 1730 1225 1821 ‚¹

150 1838 315 1904 propterea,
330 1830 425 1887 morbi
440 1830 508 1903 quia
522 1848 640 1886 causam
654 1847 715 1886 non
729 1837 809 1886 tenet
823 1846 930 1903 aeger3
995 1814 1086 1915 1οᾲὅῇ
1131 1828 1169 1841 '‘
1207 1826 1243 1885 ”.

150 1936 240 1992 quam
255 1919 332 1977 bene
347 1919 371 1977 si
384 1918 491 1991 videat,
506 1920 565 1976 iarn
579 1920 665 1977 rebus
680 1919 804 1993 quisque
818 1919 925 1976 relictis

150 2018 283 2095 naturam
297 2010 424 2084 primum
438 2008 555 2067 studeat
569 2027 749 2084 cognoscere
763 2026 869 2081 rerum,

150 2100 290 2173 temporis
304 2100 413 2158 aeterni
429 2100 579 2173 quoniam,
593 2118 654 2157 non
668 2100 754 2157 unius
769 2098 867 2171 horae,

150 2190 306 2271 ambigitur
320 2200 418 2261 status,
434 2191 464 2246 in
480 2207 539 2263 quo
555 2190 591 2246 sit
606 2189 775 2247 mortalibus
793 2189 889 2246 omnis

151 2278 239 2351 aetas,
254 2289 321 2354 post
336 2290 459 2337 mortem
474 2297 549 2353 quae
563 2289 651 2337 restat
666 2297 793 2353 cumque
809 2278 964 2336 manenda.
996 2297 1057 2350 ¹075

191 2370 328 2444 Denique
343 2379 422 2428 tanto
438 2388 527 2444 opere
543 2370 572 2427 in
587 2369 682 2427 dubiis
696 2369 841 2443 trepidare
855 2368 970 2444 periclis

150 2477 226 2534 quae
241 2461 317 2518 mala
330 2478 384 2518 nos
399 2460 506 2534 subigit
519 2459 682 2516 vitai'tanta
696 2459 828 2534 cupido?

150 2559 231 2607 certa
245 2549 364 2624 quidem
379 2551 443 2606 finis
458 2551 533 2607 vitae
547 2550 715 2607 mortalibus
730 2550 825 2607 adstat

150 2658 207 2697 nec
222 2639 342 2697 devitari
356 2640 445 2696 letum
459 2649 529 2714 pote
544 2640 616 2714 quin
630 2641 779 2698 obeamus.

151 2738 301 2804 praeterea
314 2748 461 2787 versamur
475 2719 585 2787 ibidem
599 2738 687 2804 atque
703 2730 833 2786 insumus
847 2746 941 2803 usque
952 2766 963 2807 t
995 2735 1059 2784 1080

151 2839 207 2877 nec
221 2838 298 2878 nova
311 2820 436 2877 vivendo
450 2819 621 2895 procuditur
633 2820 692 2877 ulla
705 2820 836 2893 voluptas
847 2840 856 2891 3

150 2909 205 2967 sed
220 2909 290 2967 dum
305 2911 387 2968 abest
401 2909 483 2983 quod
497 2928 626 2980 avernus5
642 2909 673 2967 id
688 2927 861 2984 exsuperare
876 2907 991 2966 videtur

151 3010 267 3071 cetera3
288 3010 355 3074 post
370 3000 448 3070 aliut,
464 3018 531 3057 cum
547 3000 668 3074 contigit
683 2999 761 3071 illud,
777 3018 896 3057 avemus

152 3099 181 3147 et
196 3091 255 3148 sitis
270 3108 364 3163 aequa
378 3100 458 3147 tenet
472 3091 540 3148 vitai
555 3109 671 3165 semper
686 3091 800 3148 hiantis

151 3189 325 3254 posteraque
341 3181 370 3237 in
385 3179 503 3238 dubiost
517 3182 661 3239 fortunam
676 3199 763 3255 quam
777 3179 865 3238 vehat
878 3187 968 3250 aetas,
994 3185 1056 3250 1085

152 3268 259 3344 quidve
273 3271 344 3327 serat
357 3270 441 3327 nobis
456 3290 540 3328 casus
555 3272 641 3345 quive
656 3271 749 3328 exitus
764 3270 858 3328 instet.

151 3376 207 3416 nec
222 3377 354 3434 prorsum
368 3361 457 3416 vitam
473 3360 610 3418 ducendo
626 3360 770 3418 demimus
785 3360 875 3417 hilum

151 3456 283 3525 tempore
299 3449 336 3507 de
351 3451 450 3508 mortis
457 3468 520 3537 ‚nec
535 3450 662 3509 delibare
677 3451 815 3521 valemus,
