2498 3894
449 687 485 745 Τ.
507 685 698 748 LUCRETI
725 685 830 748 CARI

334 890 411 964 DE
453 889 661 964 RERUM
700 887 947 962 NATURA

453 1105 574 1157 LIBER
599 1103 828 1157 SECUNDUS.

596 1269 698 1304 -φ-

185 1405 286 1476 Suave‚
302 1403 373 1461 mari
388 1421 495 1478 magno
509 1402 689 1461 turbantibus
705 1419 833 1476 aequora
846 1401 949 1474 ventiS,

185 1513 201 1552 e
216 1505 291 1554 terra
304 1513 443 1570 magnum
457 1494 571 1551 alterius
585 1503 716 1568 spectare
731 1494 879 1564 laborem3

184 1604 245 1643 non
260 1586 329 1660 quia
342 1584 439 1642 vexari
453 1593 658 1659 quemquamst
672 1583 801 1640 iucunda
814 1572 955 1657 voluptas,

184 1675 237 1732 sed
251 1676 356 1750 quibus
370 1675 432 1749 ipse
446 1675 527 1732 maiis
541 1692 640 1732 careas
654 1674 721 1748 quia
735 1691 853 1732 cernere
868 1691 955 1731 suave
970 1682 1023 1731 est.

185 1783 271 1823 suave
287 1766 374 1822 etiam
388 1765 455 1823 beili
470 1765 628 1822 certamina
641 1781 748 1838 magna
761 1763 836 1822 tueri
1074 1779 1088 1834 5

183 1872 237 1929 per
247 1874 368 1930 campos
383 1856 522 1912 instructa
535 1865 584 1911 tua
598 1854 660 1912 sine
674 1863 756 1928 parte
769 1853 879 1929 pericli.

183 1944 236 2002 sed
250 1946 290 2002 nil
306 1945 419 2003 dulcius
434 1954 487 2016 est,
499 1945 575 2003 bene
589 1963 678 2020 quam
693 1944 804 2001 munita
818 1955 919 2002 tenere
955 1993 958 1999 .

39 2046 42 2055 ’
130 2066 133 2074 ·
183 2024 263 2092 edita
276 2034 409 2093 doctrina
423 2035 587 2110 sapientum
602 2034 711 2108 templa
725 2052 836 2105 serena,

183 2125 334 2200 despicere
348 2125 427 2182 unde
443 2144 532 2200 queas
544 2125 614 2182 alios
629 2125 795 2200 passimque
809 2123 909 2182 videre

183 2233 276 2272 errare
291 2225 378 2290 atque
391 2216 469 2272 viam
482 2215 604 2289 palantis
619 2232 758 2289 quaerere
772 2213 857 2286 vitae,
1059 2235 1089 2270 10

182 2315 292 2362 certare
307 2306 433 2380 ingenim
449 2303 627 2362 contendere
642 2304 800 2385 nobilitate,

182 2406 285 2454 noctes
300 2406 387 2470 atque
402 2395 465 2452 dies
479 2396 532 2452 niti
546 2405 709 2471 praestante
724 2395 822 2452 labore

182 2486 220 2543 ad
235 2504 362 2543 summas
377 2503 524 2560 emergere
540 2504 612 2560 opes
626 2503 780 2559 rerumque
797 2483 892 2560 potiri.

182 2594 201 2633 0
216 2577 334 2633 miseras
350 2575 502 2633 hominum
517 2586 639 2647 mentm,
655 2594 673 2633 o
688 2585 809 2650 pectora
823 2577 931 2633 caeca!

182 2667 313 2739 qualibus
329 2667 358 2723 in
373 2667 498 2725 tenebris
513 2667 588 2724 vitae
603 2667 777 2741 quantisque
792 2665 906 2740 periclis
1058 2684 1086 2736 15

181 2756 296 2830 degitur
310 2756 367 2813 hoc
382 2757 446 2813 aevi
461 2756 716 2831 quodcumquest!
737 2774 837 2813 nonne
852 2755 952 2813 videre

180 2846 220 2902 nil
234 2845 311 2903 aliud
326 2847 381 2903 sibi
395 2855 526 2902 naturam
540 2845 650 2915 latrare,
665 2845 720 2902 nisi
734 2845 818 2919 utqui

181 2953 303 3010 corpore
318 2936 467 2992 seiunctus
482 2935 566 2993 dolor
580 2936 664 3005 absit,
680 2944 778 2993 mente
792 2936 900 2992 fruatur
965 2918 970 2933 ’

135 3030 153 3051 ““
180 3025 309 3082 iucundo
324 3043 495 3095 sensuqcura
508 3036 622 3083 semota
635 3026 796 3100 metuque?

180 3134 250 3190 ergo
264 3134 436 3190 corpoream
452 3115 491 3172 ad
507 3126 638 3173 naturam
653 3134 749 3191 pauca
761 3113 895 3173 videmus
1056 3132 1087 3169 20

180 3224 244 3263 esse
259 3224 333 3280 opus
348 3206 479 3276 omnino,
494 3224 569 3279 quae
584 3206 705 3264 demant
718 3223 845 3280 cumque
860 3203 1015 3287 dolorem‚·
1055 3222 1076 3269 :a
1091 3234 1094 3241 ·
1142 3206 1147 3251 '-

180 3296 298 3354 delicias
313 3314 430 3370 quoque
445 3296 486 3354 uti
500 3297 604 3381 multas
618 3297 800 3355 substernere
814 3295 927 3370 possint
952 3332 960 3351 ι
1011 3372 1014 3377 Ι
1051 3332 1084 3373 ε,
1093 3322 1171 3383 Α..

180 3387 286 3462 gratius
301 3387 569 3462 interdum-neque
584 3397 686 3444 natura
699 3386 763 3461 ipsa
775 3386 903 3460 requirit,
986 3373 1010 3441 ,Γ
1051 3414 1063 3435 ·.
