2498 3894
127 217 196 288 vi]
372 217 426 269 DE
453 217 597 270 RERUM
624 216 795 269 NATURA

127 379 240 436 semina
253 376 360 436 habere
375 396 461 435 cavas
475 377 568 434 nubes
583 385 612 434 et
626 375 717 435 multa
730 387 879 437 necessest

126 470 283 544 concipere
299 487 335 524 ex
349 469 417 526 solis
432 467 516 525 radiis
531 466 694 540 ardoreque
710 485 822 526 eorum.

126 558 183 616 hoc
199 558 248 617 ubi
261 568 364 617 ventus
379 577 427 615 eas
443 557 522 614 idem
537 558 587 632 qui
601 558 680 632 cogit
695 558 723 614 in
739 577 829 616 unum

125 649 198 706 forte
214 652 310 706 locum
325 648 464 722 quemvis,
481 648 621 721 expressit
635 648 724 704 multa
738 649 851 723 vaporis

125 739 237 798 semina
250 757 340 812 seque
355 739 439 795 simul
453 756 520 795 cum
536 756 572 795 eo
587 739 772 796 commiscuit
786 740 854 814 igni,

125 829 284 886 insinuatus
298 828 338 886 ibi
353 840 453 885 vortex
468 838 594 885 versatur
608 829 638 884 in
652 837 715 886 arto

124 928 154 976 et
168 918 268 976 calidis
283 920 361 975 acuit
375 919 484 976 fulmen
498 918 663 975 fornacibus
679 919 764 976 intus.

123 1027 192 1065 nam
207 1008 316 1083 duplici
331 1013 440 1065 ratione
455 1006 633 1077 accenditur,
649 1008 710 1082 ipse
725 1027 777 1066 sua
790 1028 859 1067 cum
936 1014 939 1019 '

124 1099 283 1156 mobilitate
299 1099 415 1156 calescit
431 1108 460 1155 et
474 1116 491 1155 e
506 1098 677 1172 contagibus
694 1099 776 1172 ignis.

124 1188 193 1246 inde
209 1189 256 1246 ubi
271 1189 413 1263 percaluit
427 1189 506 1246 venti
520 1188 562 1246 vis
577 1197 607 1245 et
620 1189 712 1263 gravis
728 1189 801 1263 ignis

124 1279 250 1353 impetus
266 1279 391 1349 incessit,
407 1289 552 1336 maturum
566 1287 628 1336 tum
642 1279 725 1353 quasi
739 1279 848 1336 fulmen

122 1369 282 1447 perscindit
295 1370 391 1428 subito
405 1371 524 1441 nubem,
539 1371 685 1444 ferturque
700 1371 827 1429 coruscis

123 1461 223 1517 omnia
235 1461 391 1518 luminibus
406 1460 527 1517 lustrans
542 1460 608 1518 loca
621 1461 747 1534 percitus
761 1460 855 1518 ardor.

122 1567 210 1623 quem
226 1551 318 1625 gravis
333 1551 492 1624 insequitur
506 1550 625 1621 sonitus,
641 1550 769 1625 displosa
783 1560 902 1626 repente
979 1559 1024 1623 285

122 1641 287 1715 opprimere
303 1651 334 1698 ut
349 1641 420 1698 caeli
434 1641 566 1698 videatur
580 1641 689 1716 templa
703 1659 837 1715 superne.

122 1730 192 1788 inde
207 1741 314 1788 tremor
330 1744 417 1789 terras
431 1733 553 1806 graviter
566 1741 742 1806 pertemptat
759 1742 788 1789 et
803 1733 892 1790 altum

122 1840 269 1878 murmura
283 1833 453 1896 percurrunt
468 1822 581 1879 caelum
592 1843 600 1894 3
623 1840 692 1880 nam
706 1832 768 1880 tota
782 1823 841 1879 fere
855 1833 918 1880 tum

121 1919 280 1986 tempestas
295 1930 438 1970 concussa
451 1914 546 1970 tremit
561 1912 748 1986 fremitusque
763 1923 923 1971 moventur.

121 2018 181 2075 quo
196 2002 234 2059 de
249 2020 393 2060 concussu
408 1991 537 2076 sequitur
551 2004 643 2076 gravis
656 2002 751 2060 imber
764 2012 793 2060 et
807 2003 888 2073 uber,

121 2092 214 2149 omnis
229 2093 269 2149 uti
285 2092 416 2150 videatur
430 2093 458 2148 iu
473 2092 595 2149 imbrem
609 2093 713 2149 vertier
726 2093 826 2150 aether

120 2192 207 2256 atque
223 2183 261 2239 ita
276 2183 467 2257 praecipitans
482 2181 520 2238 ad
534 2181 671 2238 diluviem
685 2182 830 2240 revocari:

120 2264 216 2330 tantus
232 2272 357 2330 discidio
375 2273 460 2329 nubis
475 2272 610 2344 ventique
626 2273 753 2345 procella

70 2413 71 2416 ,
120 2364 250 2432 mittitur,
265 2361 377 2420 ardenti
392 2362 503 2418 sonitus
517 2380 585 2418 cum
599 2361 732 2436 provolat
747 2363 815 2422 ictu.

120 2462 165 2510 est
180 2453 267 2509 etiam
283 2471 350 2508 cum
364 2452 407 2509 vis
422 2452 600 2509 extrinsecus
614 2451 702 2509 incita
715 2453 794 2510 venti

120 2542 222 2600 incidit
237 2543 266 2599 in
281 2541 405 2599 calidam
420 2551 533 2599 maturo
549 2542 666 2599 fulmine
681 2543 790 2601 nubem
803 2563 810 2613 ;

120 2651 210 2707 quam
225 2651 293 2689 cum
308 2632 455 2707 perscidit,
470 2634 619 2706 extemplo
633 2632 712 2690 cadit
726 2633 828 2708 igneus
844 2633 889 2691 ille

119 2734 219 2781 vertex
234 2741 323 2797 quem
338 2723 431 2797 patrio
445 2723 606 2781 vocitamus
621 2724 740 2782 nomine
754 2725 873 2782 fulmen.

121 2813 179 2871 hoc
193 2814 225 2871 fit
239 2813 318 2870 idem
333 2814 363 2870 in
378 2813 465 2888 partis
480 2813 557 2881 alias,
572 2831 760 2888 quocumque
775 2815 839 2872 tulit
852 2814 904 2873 vis.

120 2904 153 2961 fit
168 2921 285 2978 quoque
300 2915 332 2961 ut
346 2903 492 2961 interdum
507 2904 585 2962 venti
600 2905 643 2962 vis
657 2905 745 2962 missa
758 2905 820 2962 sine
836 2905 895 2979 igni
975 2925 1025 2976 300

120 2994 243 3068 igniscat
257 3005 355 3053 tamen
370 2995 400 3052 in
413 2995 508 3068 spatio
522 2994 671 3069 longoque
686 3005 792 3066 meatu,

121 3083 191 3141 dum
206 3084 294 3152 venit,
309 3085 443 3142 amittens
459 3085 487 3141 in
502 3103 586 3142 cursu
601 3103 726 3159 corpora
740 3084 886 3159 quaedam

121 3173 240 3248 grandia
254 3192 328 3248 quae
343 3169 493 3248 nequeunt
507 3175 614 3249 pariter
627 3186 779 3250 penetrare
793 3194 847 3250 per
859 3193 962 3248 auras3

120 3273 208 3337 atque
222 3264 278 3321 alia
291 3282 328 3321 ex
342 3264 405 3338 ipso
421 3263 585 3322 conradens
599 3265 665 3322 aere
680 3274 775 3339 portat

119 3355 238 3429 parvola
251 3373 326 3430 quae
342 3354 450 3413 faciunt
464 3355 562 3429 ignem
576 3356 735 3418 commixta
749 3353 896 3428 voland03
975 3371 1022 3425 305

119 3462 180 3503 non
194 3445 249 3502 alia
262 3446 347 3521 longe
361 3445 473 3503 ratione
487 3463 523 3503 ac
536 3445 674 3521 plumbea
688 3463 776 3520 saepe
