2498 3894
122 191 184 263 Ν]
361 193 416 245 DE
442 191 589 246 RERUM
616 192 787 246 NATURA
965 192 1023 254 123

119 368 238 410 cernere
252 368 314 409 non
326 351 404 426 potis
415 361 460 409 est
468 352 581 408 animus
593 371 601 423 3
615 350 740 426 proinde
752 350 851 408 omnia
865 367 941 424 quae
958 361 1023 409 sunt

119 451 269 517 praeterea
282 451 413 516 pereunt,
428 442 483 498 nisi
497 443 596 515 siquae
611 441 648 499 ad
663 459 694 498 se
708 441 771 515 ipse
785 441 902 516 paravit

120 533 183 607 ipse
197 542 278 606 parat
292 550 356 589 sese
370 550 457 606 porro
472 541 627 606 speratque
643 533 772 589 futurum
974 541 1021 604 805

119 633 152 678 ut
165 621 262 680 videat
275 621 357 696 quod
371 623 559 696 consequitur
573 640 635 678 rern
650 639 798 695 quamque
811 642 821 695 ς
842 623 875 680 fit
888 641 966 698 ergo

115 730 218 769 *nonne
232 711 314 770 vides
328 713 429 769 oculos
444 713 541 782 etiarn,
557 730 626 768 curn
641 712 738 768 tenvia
753 731 829 787 quae
844 723 911 772 sunt

120 820 239 859 cernere
254 811 423 876 coeperunt,
439 800 618 858 contendere
633 819 664 859 se
679 813 767 877 atque
781 822 892 879 parare,

120 910 176 950 nec
190 893 252 950 sine
267 911 303 951 eo
317 891 379 949 fieri
393 910 480 966 posse
494 901 527 948 ut
540 909 694 950 cernamus
708 896 815 952 acute?
974 901 1023 951 810

121 992 261 1040 ettamen
276 983 306 1040 in
319 983 405 1040 rebus
419 999 538 1056 quoque
554 983 660 1057 apertis
675 1002 796 1042 noscere
811 984 913 1058 possis,

120 1074 144 1131 si
158 1091 218 1131 non
232 1073 364 1130 advertas
378 1074 517 1142 animum,
533 1073 656 1147 proinde
671 1092 734 1132 esse
749 1076 830 1148 quasi
845 1075 926 1132 omni

120 1173 253 1238 ternpore
267 1173 413 1221 semotum
429 1164 513 1221 suerit
528 1165 672 1239 longeque
688 1176 841 1222 remotum.

120 1273 172 1312 cur
184 1255 270 1329 igitur
284 1254 424 1324 mirumst,
439 1255 553 1312 animus
567 1255 592 1313 si
606 1265 702 1313 cetera
715 1255 812 1329 perdit

120 1354 322 1420 praeterquam
338 1345 443 1418 quibus
458 1355 502 1402 est
517 1346 546 1402 in
560 1347 645 1403 rebus
662 1346 779 1404 deditus
794 1347 878 1420 ipse?
975 1353 1022 1416 815

120 1434 229 1492 deinde
243 1434 436 1509 adopinamur
450 1436 488 1493 de
505 1436 592 1510 signis
607 1437 733 1493 maxima
747 1438 842 1511 parvis

120 1543 155 1583 ac
169 1543 223 1583 nos
238 1526 267 1581 in
283 1525 414 1583 fraudem
429 1525 575 1583 induimus
590 1527 776 1584 frustraminis
791 1524 867 1604 ipsi]

161 1617 208 1672 Fit
222 1632 341 1690 quoque
356 1626 388 1674 ut
403 1617 548 1674 interdurn
563 1634 622 1674 non
638 1618 841 1692 suppeditetur
854 1619 951 1692 imago

120 1706 253 1764 eiusdem
267 1708 389 1780 generis,
403 1706 457 1764 sed
471 1708 579 1764 femina
592 1726 667 1782 quae
682 1708 735 1765 fuit
748 1718 825 1779 ante,

121 1797 151 1853 in
165 1797 298 1854 manibus
313 1798 355 1855 vir
369 1799 410 1854 uti
424 1798 516 1855 factus
531 1798 662 1855 videatur
677 1797 791 1870 adesse,
977 1803 1025 1853 820

121 1895 171 1944 aut
184 1888 239 1944 alia
253 1888 358 1944 exalia
372 1888 460 1945 sacies
475 1897 613 1961 aetasque
630 1898 775 1961 sequatur.

122 1978 204 2053 quod
218 1997 256 2036 ne
271 1980 407 2036 miremur
421 1996 509 2053 sopor
523 1989 611 2053 atque
626 1980 733 2037 oblivia
746 1989 859 2038 curant.
906 2017 909 2023 -

164 2067 257 2146 [Illud
271 2069 301 2126 in
315 2069 359 2126 his
373 2069 458 2126 rebus
472 2069 574 2126 vitium
589 2079 739 2127 vementer
752 2070 859 2127 avessis

122 2158 257 2234 effugere,
273 2177 399 2217 errorem
413 2160 560 2233 vitareque
574 2170 817 2233 praemetuenter,

121 2249 231 2307 lumina
245 2268 282 2308 ne
297 2250 385 2307 facias
400 2249 550 2307 oculorum
566 2251 642 2307 clara
657 2260 763 2321 creata,
977 2255 1025 2318 825

122 2340 289 2415 prospicere
304 2349 335 2397 ut
348 2357 509 2414 possemus,
525 2349 554 2397 et
568 2350 600 2396 ut
614 2341 741 2414 proferre
756 2357 898 2414 queamus

123 2448 261 2504 proceros
275 2448 384 2505 passus,
400 2430 468 2488 ideo
483 2430 594 2504 fastigia
608 2448 695 2504 posse

123 2539 253 2578 surarum
266 2539 302 2578 ac
316 2521 456 2577 feminum
471 2520 596 2594 pedibus
612 2521 731 2578 fundata
746 2519 855 2595 plicari,

123 2611 260 2669 bracchia
272 2619 334 2668 turn
348 2628 436 2686 porro
450 2610 551 2668 validis
566 2629 603 2668 ex
616 2621 684 2686 apta
697 2611 810 2669 lacertis

123 2718 187 2759 esse
201 2719 362 2774 manusque
378 2699 460 2758 datas
474 2710 595 2774 utraque
611 2711 742 2774 exparte
758 2701 911 2770 ministras,
978 2706 1028 2769 830

123 2801 157 2848 ut
169 2791 264 2848 facere
279 2789 419 2848 advitam
434 2808 586 2866 possemus
600 2809 675 2866 quae
691 2792 764 2848 soret
779 2809 856 2848 usus.

124 2891 222 2938 cetera
235 2880 273 2938 de
287 2899 394 2956 genere
409 2881 466 2940 hoc
480 2882 555 2938 inter
569 2899 772 2956 quaecumque
787 2889 944 2955 pretantur‚

125 2975 224 3028 omnia
237 2989 371 3046 perversa
384 2980 572 3046 praepostera
585 2981 652 3028 sunt
665 2971 787 3040 ratione,

125 3061 166 3117 nil
179 3060 247 3119 ideo
262 3061 402 3135 quoniam
416 3070 544 3119 natumst
558 3061 588 3118 in
603 3078 726 3135 corpore
741 3070 773 3117 ut
786 3061 828 3118 uti

125 3168 288 3226 possemus,
302 3150 356 3208 sed
371 3149 453 3225 quod
467 3160 595 3209 natumst
609 3151 639 3209 id
654 3161 789 3226 procreat
804 3170 899 3210 usum.
981 3157 1028 3222 835

125 3259 181 3299 nec
195 3241 248 3298 fuit
261 3237 329 3298 ante
342 3241 440 3299 videre
455 3242 606 3299 oculorum
620 3242 730 3300 lumina
744 3251 812 3299 nata

125 3349 182 3389 nec
195 3331 282 3389 dictis
295 3349 377 3389 orare
391 3332 469 3407 prius
483 3350 572 3406 quam
585 3331 683 3408 lingua
696 3342 829 3404 creatast,

126 3420 179 3481 sed
192 3422 291 3498 potius
304 3421 391 3498 longe
404 3422 519 3498 linguae
533 3423 691 3498 praecessit
704 3423 786 3499 origo
