2498 3894
178 193 228 263 u]
418 196 473 248 oe
500 196 646 250 RERUM
674 197 846 251 NATURA
1022 199 1078 263 145

176 355 280 431 partim
295 356 376 430 quod
391 366 489 432 supter
502 375 555 432 per
569 368 658 416 terras
673 356 781 417 diditur
793 358 909 433 omnis3

176 447 342 521 percolatur
355 448 433 504 enim
448 435 524 506 viius
537 457 672 523 retroque
684 459 816 507 remanat

176 537 312 594 materies
324 539 433 595 umoris
448 549 478 595 et
492 538 530 595 ad
545 549 634 612 caput
647 540 782 597 amnibus
796 539 892 597 omnis
1033 560 1082 605 270

176 626 324 697 convenit,¹
336 627 406 685 inde
421 646 509 702 super
522 639 611 686 terras
625 628 687 686 fluit
701 630 816 703 agmine
831 628 910 686 dulci

176 733 236 790 qua
248 717 294 773 via
307 727 388 774 secta
402 718 492 775 semel
506 718 619 791 liquido
634 718 711 793 pede
726 718 830 776 detulit
843 718 947 776 undas.

216 807 291 865 Aera
304 825 384 864 nunc
399 808 484 882 igitur
498 808 595 865 dicam
610 809 660 882 qui
674 826 797 882 corpore
812 818 875 868 toto

176 895 423 955 innumerabiliter
436 899 531 972 privas
544 908 671 955 mutatur
685 900 714 955 in
729 899 824 957 horas.

177 1003 292 1060 semper
306 987 394 1058 enirn,
411 986 620 1062 quodcumque
635 988 697 1046 fluit
711 988 749 1045 de
764 989 860 1060 rebus,
875 987 905 1046 id
920 1006 1009 1047 omne
1033 1005 1079 1058 ²75
1094 1041 1097 1046 .

176 1076 249 1134 aeris
264 1077 293 1135 in
308 1094 447 1151 magnum
461 1077 550 1134 fertur
564 1096 663 1151 mare3
684 1079 734 1151 qui
752 1078 806 1135 nisi
820 1087 923 1135 contra

177 1183 299 1239 corpora
313 1167 450 1224 retribuat
464 1167 551 1225 rebus
564 1177 733 1242 recreetque
748 1168 872 1240 fluentis

177 1256 276 1312 omnia
290 1256 347 1313 iam
362 1256 488 1314 resoluta
501 1258 596 1314 forent
610 1268 639 1315 et
653 1259 683 1314 in
697 1262 764 1317 aera
776 1276 867 1316 versa

176 1343 247 1402 haut
261 1346 345 1420 igitur
358 1357 452 1404 cessat
466 1347 545 1422 gigni
560 1347 598 1405 de
612 1349 699 1406 rebus
713 1358 743 1405 et
757 1349 786 1405 in
801 1366 847 1406 res

176 1435 334 1507 reccidere,
348 1435 470 1495 adsidue
485 1438 624 1511 quoniam
639 1437 727 1494 fluere
742 1438 841 1494 omnia
855 1446 978 1497 constat.
1034 1444 1082 1493 280

218 1525 326 1601 Largus
340 1527 411 1584 item
425 1526 527 1601 liquidi
541 1528 606 1585 fons
619 1528 746 1599 luminis,
761 1527 906 1585 aetherius
919 1526 973 1598 sol,

177 1614 278 1690 inrigat
291 1614 414 1674 adsidue
429 1617 543 1674 caelum
557 1617 685 1675 candore
699 1617 811 1675 recenti

177 1704 403 1780 suppeditatque
419 1725 496 1764 novo
512 1708 666 1782 confestim
679 1708 788 1765 lumine
802 1707 911 1765 lumen.

177 1813 246 1854 nam
259 1797 385 1871 primum
400 1797 541 1871 quicquid
556 1796 673 1872 fulgoris
687 1797 807 1872 disperit
821 1798 859 1869 ei,

179 1904 365 1961 quocumque
381 1887 494 1944 accidit.
511 1887 541 1944 id
555 1888 623 1946 licet
636 1888 705 1945 hinc
720 1905 901 1962 cognoscere
914 1887 1016 1962 possis,
1033 1895 1078 1956 ²85

178 1976 259 2051 quod
273 1977 357 2035 simul
371 1995 405 2034 ac
419 1977 544 2051 primum
560 1979 651 2036 nubes
666 1977 825 2035 succedere
841 1977 894 2034 soli

177 2084 304 2143 coepere
318 2076 348 2125 et
361 2065 458 2125 radios
473 2068 547 2125 inter
561 2069 642 2142 quasi
657 2086 790 2142 rumpere
804 2067 886 2138 lucis,

177 2157 325 2232 extemplo
339 2157 457 2214 inferior
471 2175 536 2233 pars
552 2157 655 2215 horum
670 2157 790 2232 disperit
804 2157 900 2215 omnis

177 2244 310 2322 terraque
325 2248 505 2305 inumbratur
519 2242 578 2322 qua
591 2249 681 2305 nimbi
696 2265 823 2322 cumque
838 2248 986 2320 feruntur3

176 2346 210 2394 ut
222 2356 327 2395 noscas
342 2337 497 2412 splendore
512 2356 590 2395 novo
605 2356 650 2396 res
665 2355 781 2412 semper
795 2353 882 2412 egere
1033 2356 1081 2408 290

177 2437 208 2485 et
221 2427 346 2502 primum
361 2428 469 2485 iactum
483 2427 599 2502 fulgoris
614 2445 761 2502 quemque
776 2428 870 2502 perire

177 2534 234 2575 nec
247 2518 358 2576 ratione
372 2517 428 2574 alia
441 2535 486 2575 res
500 2504 585 2593 posse
601 2518 630 2575 in
645 2518 705 2576 sole
719 2516 821 2589 videri,

177 2618 321 2684 perpetuo
335 2608 365 2665 ni
379 2607 547 2683 suppeditet
559 2607 632 2666 lucis
645 2618 734 2683 caput
746 2608 851 2682 ipsum.

178 2698 248 2772 quin
263 2698 352 2756 etiam
365 2708 509 2756 nocturna
522 2698 582 2769 tibi,
598 2697 741 2756 terrestria
755 2714 830 2772 quae
845 2706 921 2766 sunt,

176 2786 295 2859 lumina,
310 2787 474 2863 pendentes
487 2788 595 2863 lychini
609 2788 761 2871 claraeque
776 2786 905 2845 coruscis
1033 2802 1079 2857 ²95

129 2897 142 2909 ·
177 2877 335 2953 fulguribus
349 2879 472 2953 pingues
486 2879 577 2935 multa
591 2877 712 2954 caligine
726 2875 830 2935 taedae

177 2968 321 3025 consimili
336 2965 492 3043 properant
506 2969 627 3039 ratione,
642 2968 745 3046 ardore
761 2967 900 3038 ministro,

178 3056 364 3132 suppeditare
379 3076 487 3116 novom
501 3058 610 3129 lumen,
624 3050 748 3116 tremere
762 3057 877 3134 ignibus
890 3057 1007 3128 instant,

178 3147 294 3220 instant,
310 3166 367 3206 nec
380 3148 447 3205 loca
459 3148 508 3205 lux
521 3149 596 3206 inter
609 3149 692 3222 quasi
706 3157 791 3222 rupta
803 3147 958 3222 relinquit;

178 3255 270 3312 usque
285 3235 361 3296 adeo
375 3248 563 3312 properanter
576 3238 613 3295 ab
627 3238 763 3296 omnibus
777 3237 892 3312 ignibus
906 3237 933 3294 ei
1032 3253 1081 3306 300

178 3314 298 3385 exitium
312 3327 398 3385 celeri
412 3327 521 3386 celatur
533 3327 643 3402 origine
657 3328 801 3386 flammae.

178 3416 221 3476 sic
235 3416 320 3492 igitur
332 3417 424 3476 solem
438 3417 537 3475 lunam
551 3417 705 3492 stellasque
719 3414 910 3492 putandumst

604 3519 633 3556 ro

165 3672 315 3761 ξ’ῑίίηῑινὲ
330 3696 339 3743 i
354 3742 373 3757 ,,
