2498 3894
1004 56 1030 97 κ’)

700 88 764 117 ·³··
827 94 831 100 ’
919 80 1179 251 'erstsvttfl

204 243 277 314 Ill.]
398 178 433 211 ‘a'
470 196 474 212 Ι
514 198 517 205 Ι
1064 249 1106 318 79

201 379 463 489 adposimaltebris
476 407 594 478 variare,
609 425 644 465 ac
658 416 776 467 nectere
790 391 931 469 meinbra.
1020 440 1033 486 χ

201 514 270 553 nam
284 514 353 554 cum
366 496 458 554 multo
472 507 539 554 sunt
552 498 667 555 animae
683 499 828 556 elementa
842 501 955 559 minora

201 603 290 660 quam
305 586 409 660 quibus
424 605 440 643 e
455 604 561 661 corpus
576 588 660 645 nobis
675 597 704 644 et
718 588 829 645 viscera
843 599 986 662 constant,
1055 609 1102 662 375

201 684 264 733 tum
278 694 400 734 numero
416 694 534 751 quoque
550 677 720 735 concedunt
734 688 763 735 et
776 698 839 737 rara
853 699 905 755 per
919 690 996 738 artus

177 814 179 818 Α
201 765 302 823 dissita
315 775 382 823 sunt
395 765 564 839 dumtaxat3
580 776 612 823 ut
626 767 683 823 boc
698 770 867 841 promittere
880 772 984 846 possiS,

202 855 340 930 quantula
353 856 447 930 prima
460 865 571 930 queant
584 857 670 916 nobis
685 859 791 917 iniecta
805 861 882 918 ciere

202 964 326 1020 corpora
340 947 493 1004 sensiferos
508 956 605 1005 motus
620 949 649 1004 in
664 967 796 1023 corpore,
813 960 892 1008 tanta

201 1036 348 1093 intervalla
361 1046 460 1094 tenere
476 1037 597 1096 exordia
610 1039 703 1113 prima
717 1040 832 1097 animai.
1056 1048 1105 1110 380

201 1145 270 1183 nam
284 1144 380 1200 neque
395 1127 520 1201 pulveris
535 1127 680 1186 interdum
695 1131 836 1187 sentimus
850 1130 1010 1188 adhaesum

201 1234 324 1291 corpore
339 1235 395 1274 nec
409 1219 546 1276 membris
562 1219 709 1277 incussam
724 1220 818 1301 sidere
833 1231 951 1292 cretam,

201 1325 258 1364 nec
271 1308 408 1366 nebulam
423 1318 512 1366 noctu
526 1327 623 1384 neque
638 1311 735 1367 aranei
750 1311 847 1368 tenvia
860 1311 908 1369 fila

202 1397 288 1455 obvia
300 1399 448 1469 sentimus,
463 1399 583 1473 quando
598 1401 758 1458 obretimur
772 1411 886 1475 eunteS,

201 1505 258 1544 nec
272 1506 376 1563 supera
389 1498 477 1564 caput
491 1489 623 1547 eiusdem
638 1489 780 1565 cecidisse
794 1474 902 1548 vietim
1056 1499 1103 1562 385

201 1587 311 1635 vestem
325 1597 381 1636 nec
395 1580 509 1654 plumas
524 1581 621 1637 avium
635 1566 808 1655 papposque
822 1581 946 1640 volantis
1034 1616 1039 1629 ν
1112 1605 1118 1621 ·
1204 1604 1212 1615 ·

202 1668 251 1742 qui
265 1669 354 1726 nimia
367 1669 482 1727 levitate
497 1669 607 1727 cadunt
621 1670 791 1744 plerumque
806 1645 954 1746 grmiiim,
1045 1742 1049 1748 ι
1119 1734 1122 1739 ⁴
1180 1680 1215 1725 '.

201 1776 257 1815 nec
270 1760 398 1833 repentis
412 1761 484 1817 itum
500 1761 752 1834 cuiusviscumque
767 1762 921 1819 animantis
966 1760 976 1781 ‘¹

101 1914 106 1932 Ι
116 1848 130 1936 Ι,ἑ
201 1849 340 1907 sentimus
354 1868 410 1907 nec
424 1851 506 1925 p'riva
518 1849 630 1925 pedum
644 1852 765 1926 vestigia
779 1869 922 1925 quaeque,

201 1956 322 2013 corpore
337 1957 413 2013 quae
429 1941 458 1997 in
472 1951 572 1998 nostro
587 1941 695 1998 culices
710 1951 740 1998 et
754 1951 851 1998 cetera
865 1951 989 2016 ponunt.
1056 1962 1105 2014 390
1155 1928 1158 1933 ¹

200 2047 292 2103 usque
307 2029 383 2087 adeo
397 2031 477 2105 prius
492 2040 536 2089 est
550 2032 580 2088 in
594 2031 679 2088 nobis
693 2031 784 2088 multa
797 2031 951 2119 ciendum)

201 2137 289 2193 quam
303 2120 464 2194 primordia
477 2122 634 2179 sentiscant
649 2139 793 2178 concussa
807 2122 931 2217 animai)

200 2211 312 2268 semina
325 2211 494 2285 corporibus
508 2212 612 2269 nostris
627 2212 747 2269 inmixta
761 2229 814 2286 per
827 2221 916 2284 artus

200 2307 230 2356 et
243 2318 331 2374 quam
345 2301 375 2358 in
390 2301 433 2357 his
448 2288 602 2358 intervallis
617 2301 773 2358 tuditantia
786 2303 899 2376 possint

200 2407 373 2448 concursare
388 2391 467 2449 coire
482 2401 511 2448 et
525 2390 675 2449 dissultare
688 2392 825 2451 vicissim.
1057 2408 1104 2464 395

240 2481 280 2538 Et
293 2481 384 2556 magis
398 2492 443 2539 est
457 2482 570 2540 animus
585 2483 652 2540 vitai
667 2483 791 2540 claustra
804 2501 945 2541 coercens

200 2579 230 2630 et
243 2570 441 2629 dominantior
454 2571 493 2629 ad
507 2573 595 2629 vitam
609 2591 698 2646 quam
712 2573 754 2630 vis
769 2573 885 2630 animai.

199 2678 269 2719 nam
282 2661 344 2719 sine
358 2672 458 2719 mente
473 2663 631 2736 animoque
646 2663 748 2737 nequit
761 2662 888 2719 residere
902 2679 956 2737 per
969 2671 1047 2720 artus

199 2751 338 2826 temporis
353 2751 487 2826 exiguam
500 2763 613 2826 partem
628 2770 694 2827 pars
708 2752 766 2809 ulla
779 2752 895 2823 animai,

199 2839 253 2898 sed
267 2859 367 2899 comes
381 2841 541 2916 insequitur
554 2842 637 2899 facile
653 2851 683 2900 et
697 2841 822 2899 discedit
836 2843 866 2900 in
880 2860 963 2900 auras
1055 2864 1105 2910 400

199 2939 230 2989 et
243 2930 355 3005 gelidos
370 2940 447 2989 artus
461 2933 503 3013 in,
506 2932 556 2989 leti
571 2932 674 3006 frigore
689 2933 800 3006 linquit.

199 3030 230 3078 at
243 3031 343 3079 manet
356 3021 387 3078 in
400 3022 460 3079 vita
466 3023 521 3095 cui
535 3041 619 3080 mens
634 3023 805 3096 animusque
820 3022 966 3080 remansit

200 3111 332 3184 quamvis
347 3120 391 3169 est
405 3112 516 3168 circum
530 3113 622 3170 caesis
637 3112 714 3169 lacer
727 3112 857 3187 undique
873 3112 1011 3170 membris

200 3209 328 3273 truncus,
343 3199 482 3276 adempta
496 3203 592 3259 anima
606 3203 716 3259 circum
710 3204 928 3293 ‘membrisque
942 3212 1056 3260 remota
1058 3233 1079 3270 J

138 3318 150 3333 ·
178 3291 271 3355 „vivit
284 3300 314 3348 et
327 3291 468 3349 aetherias
482 3291 574 3349 vitalis
588 3292 709 3366 suscipit
723 3311 816 3352 auras.
1056 3310 1103 3362 405

166 3364 175 3383 ³
201 3381 301 3439 sinon
315 3381 502 3453 omnimodis,
518 3391 547 3438 at
561 3400 668 3457 magna
681 3392 763 3457 parte
778 3382 886 3440 animai

200 3471 337 3548 privatus,
352 3480 451 3530 tamen
464 3472 496 3530 in
509 3473 567 3530 vita
582 3482 735 3531 cunctatur
749 3483 779 3532 et
793 3473 911 3546 haeret3
