2498 3894
162 219 211 292 v]
404 222 460 275 nn
485 222 630 275 nanum
659 221 829 275 unrunn
1007 218 1065 285 157

162 379 280 439 distinet
294 389 420 455 aequato
434 354 547 473 caeldin
562 379 727 438 discrimine
742 390 835 440 metas
1016 386 1066 452 690
1099 389 1220 449 um,

160 482 280 548 propter
293 471 419 546 signiferi
432 471 591 546 posituram
605 471 692 528 totius
707 471 794 542 orbis,

161 580 259 620 annua
272 562 315 620 sol
329 563 359 619 in
374 579 433 637 quo
447 560 600 620 concludit
614 570 746 635 tempora
759 578 890 636 serpens,
1045 552 1115 612 it‘
1147 590 1150 595 ·
1211 590 1215 595 ·

161 652 282 726 obliquo
296 662 385 709 terras
399 662 429 709 et
443 652 556 709 caelum
570 651 679 709 lumine
695 652 827 725 lustranS,
951 644 954 651 ’

161 752 193 799 ut
207 743 279 801 ratio
294 741 422 800 declarat
435 759 537 799 eorum
552 742 602 816 qui
616 742 682 800 loca
695 741 767 798 caeli

162 833 262 890 omnia
274 831 422 907 dispositis
435 831 524 906 signis
538 840 640 889 ornata
653 839 798 890 notarunt.
1016 837 1064 903 695

161 936 211 982 aut
225 925 293 999 quia
307 925 428 982 crassior
441 933 484 981 est
498 924 583 981 certis
597 924 627 980 in
641 924 768 998 partibus
783 918 839 994 abr,
916 926 923 943 ¹

162 1014 216 1072 sub
229 1014 309 1071 terris
324 1013 392 1071 ideo
406 1013 561 1072 tremulum
577 1014 658 1072 iubar
672 1013 795 1070 haesitat
809 1013 883 1087 ignis

162 1122 218 1160 nec
233 1112 384 1179 penetrare
398 1113 496 1178 potest
510 1104 593 1161 facile
608 1114 696 1177 atque
711 1121 859 1177 emergere
874 1101 912 1160 ad
926 1112 1016 1175 ortus,

162 1204 317 1269 propterea
331 1203 434 1251 noctes
448 1194 571 1252 hiberno
586 1204 718 1268 tempore
732 1194 838 1267 longae
1002 1184 1007 1195 ’

162 1293 287 1353 cessant,
302 1282 373 1341 dum
387 1284 484 1342 veniat
497 1282 639 1341 radiatum
654 1284 764 1357 insigne
780 1281 847 1340 diei.
1015 1302 1064 1351 700

149 1371 212 1432 'aut
226 1375 323 1444 etiam,
338 1374 407 1448 quia
420 1374 463 1431 sic
477 1374 592 1431 alternis
606 1374 735 1448 partibus
749 1373 818 1430 anni

161 1463 270 1521 tardius
284 1473 314 1521 et
324 1464 408 1521 citius
423 1472 600 1521 consuerunt
611 1462 757 1521 confluere
772 1463 853 1537 ignes

163 1555 214 1629 qui
227 1555 337 1612 faciunt
350 1555 442 1612 solem
457 1563 535 1613 certa
549 1536 703 1629 ded‘urgere
721 1563 812 1628 parte,

162 1655 318 1731 propterea
329 1645 363 1703 fit
376 1645 418 1701 uti
432 1643 586 1703 videantur
599 1643 698 1702 dicere
712 1661 813 1702 verum
898 1646 901 1652 '

147 1741 194 1771 cu>
208 1749 239 1775 u,-
387 1736 408 1747 ’·
480 1746 483 1751 ·
566 1740 607 1757 -·
830 1741 878 1759 =‘

115 1742 136 1834 l
204 1825 286 1884 Luna
299 1832 397 1901 potest
410 1824 478 1882 solis
492 1823 577 1882 radiis
591 1842 730 1899 percussa
742 1824 834 1882 nitere
1018 1841 1065 1895 705

162 1915 251 1990 inque
266 1915 328 1975 dies
342 1914 434 1990 magis
448 1914 479 1972 id
493 1914 592 1971 lumen
607 1925 775 1971 convertere
790 1911 875 1973 nobis

162 2004 200 2062 ad
215 2006 354 2080 speciem,
369 2014 510 2080 quantum
524 2004 592 2062 solis
605 2003 718 2062 secedit
731 2004 768 2061 ab
783 2003 854 2073 orbi,

161 2094 292 2170 donique
307 2114 375 2152 eum
389 2104 491 2153 contra
504 2095 592 2168 pleno
606 2094 681 2152 bene
698 2094 806 2151 lumine
820 2093 897 2153 fulsit
977 2081 980 2086 ¹

162 2195 250 2259 atque
265 2186 361 2243 oriens
375 2184 477 2245 obitus
483 2184 547 2243 'eius
562 2202 649 2258 super
663 2183 742 2241 edita
755 2183 845 2256 vidit3

163 2274 233 2334 inde
247 2275 412 2333 minutatim
425 2285 502 2333 retro
517 2275 599 2349 quasi
614 2273 742 2333 condere
756 2273 856 2331 lumen
1009 2268 1066 2340 '710

162 2364 253 2424 debet
267 2365 346 2436 item,
362 2376 472 2440 quanto
486 2365 606 2440 propius
621 2365 679 2421 iam
693 2364 762 2422 solis
776 2362 815 2421 ad
829 2363 927 2438 ignem

163 2455 266 2514 labitur
279 2474 315 2513 ex
329 2456 384 2512 alia
398 2456 544 2530 signorum
559 2464 639 2529 parte
653 2472 707 2529 per
720 2454 841 2526 orbem3

162 2555 196 2602 ut
209 2546 326 2615 faciunt,
341 2545 440 2602 lunam
455 2546 505 2620 qui
519 2546 633 2620 fingunt
646 2563 709 2603 esse
724 2544 792 2619 pilai

163 2636 344 2693 consimilem
360 2652 519 2710 cursusque
533 2637 609 2693 viam
625 2635 679 2694 sub
693 2635 754 2693 sole
769 2644 878 2693 tenere.

164 2733 208 2782 est
222 2725 309 2783 etiam
322 2742 411 2799 quare
425 2726 544 2800 proprio
559 2744 626 2783 cum
641 2725 749 2782 lumine
764 2724 856 2798 possit
1017 2743 1063 2794 715

162 2814 271 2872 volvier
284 2824 313 2872 et
327 2815 417 2873 varias
432 2814 594 2890 splendoris
608 2815 732 2873 reddere
748 2815 863 2872 formas,

163 2922 269 2980 corpus
284 2905 362 2963 enim
376 2905 444 2962 licet
458 2923 521 2962 esse
536 2904 615 2962 aliud
631 2905 712 2979 quod
727 2905 815 2962 fertur
829 2914 859 2963 et
873 2920 932 2961 una

162 2993 266 3052 labitur
278 2994 456 3052 omnimodis
470 3012 627 3052 occursans
642 2995 835 3070 efficiensque

162 3104 218 3144 nec
232 3087 308 3162 potis
324 3096 367 3144 est
381 3087 470 3156 cerni,
485 3087 554 3161 quia
567 3105 681 3145 cassum
696 3087 805 3164 lumine
821 3089 918 3146 fertur.

160 3177 325 3252 versarique
339 3186 445 3251 potest,
459 3176 565 3250 globus'
576 3186 616 3249 ut,
631 3178 655 3234 si
669 3177 752 3249 forte,
766 3170 835 3252 pilai
1016 3197 1063 3244 720

162 3264 282 3324 dimidia
296 3284 332 3323 ex
346 3266 419 3341 parti
433 3265 570 3324 candenti
583 3267 691 3324 lumine
706 3267 821 3339 tinctus,

161 3355 363 3430 versandoque
376 3355 496 3430 globum
509 3356 643 3415 variantis
658 3357 745 3415 edere
759 3357 875 3430 formas,
968 3353 972 3365 '

161 3444 291 3520 donique
305 3464 371 3510 eam
384 3455 507 3522 partem,
522 3463 727 3522 quaecumque
741 3457 784 3505 est
797 3447 913 3522 ignibus
926 3457 1022 3521 aucta,
