2498 3894
126 203 194 274 IV.]
370 203 425 256 DE
445 204 592 258 RERUM
621 206 793 260 NATURA
969 205 1026 273 115

123 366 164 423 sic
179 366 263 440 igitur
276 365 349 424 ratio
363 365 416 423 tibi
429 383 525 423 rerum
539 384 628 440 prava
640 375 790 424 necessest
827 438 830 445 Ι
976 385 1028 438 5²0

122 456 250 531 falsaque
265 457 310 527 sit,
325 456 402 513 falsis
417 473 622 530 quaecumque
637 456 673 514 ab
689 456 821 514 sensibus
835 466 934 516 ortast

163 548 252 603 Nunc
267 546 313 603 alii
328 564 430 604 sensus
445 564 504 620 quo
520 563 608 620 pacto
623 548 746 620 quisque
762 565 844 604 suam
858 566 921 606 rem

122 637 235 707 sentiat,
251 635 478 710 haudquaquam
492 637 565 694 ratio
579 654 720 710 scruposa
733 639 833 694 relicta
847 648 899 696 est.

162 727 309 802 Principio
323 726 438 784 auditur
452 745 541 784 sonus
555 736 584 784 et
598 746 655 784 vox
669 728 773 799 omnis,
788 730 818 785 in
832 729 908 787 auris

121 817 265 875 insinuata
279 836 332 875 suo
347 817 487 892 pepulere
502 818 551 875 ubi
567 836 689 892 corpore
704 837 831 876 sensum.
979 838 1025 891 525

121 885 292 982 ddrpoream
305 925 410 965 vocem
426 925 545 982 quoque
560 909 639 965 enim
654 919 787 966 constare
801 907 979 968 fatendumst

121 1007 150 1056 et
164 998 300 1069 sonitum,
315 997 456 1071 quoniam
470 1009 593 1073 possunt
607 999 744 1073 inpellere
759 1017 870 1057 sensus.

120 1097 270 1162 praeterea
282 1086 358 1144 radit
371 1106 430 1145 vox
444 1088 542 1146 fauces
557 1107 645 1164 saepe
659 1089 787 1163 facitque

119 1178 267 1252 asperiora
279 1178 355 1235 foras
369 1177 504 1253 gradiens
518 1180 621 1236 arteria
634 1179 753 1237 clamor.

120 1269 230 1343 quippe
243 1285 297 1343 per
310 1278 465 1343 angustum
480 1270 564 1328 turba
578 1270 686 1327 maiore
701 1279 803 1327 coorta
977 1286 1025 1339 530

119 1358 160 1416 ire
174 1359 250 1416 foras
264 1359 315 1417 ubi
328 1370 490 1435 coeperunt
504 1358 663 1434 primordia
676 1378 792 1430 vocum,

104 1449 231 1507 -scilicet
244 1450 352 1524 expleti
367 1468 485 1524 quoque
500 1451 586 1507 ianua
598 1450 708 1508 raditur
722 1451 790 1508 oris.

120 1538 199 1598 haud
213 1540 298 1615 igitur
312 1539 461 1599 dubiumst
475 1541 546 1615 quin
560 1559 648 1598 voces
662 1542 810 1616 verbaque
825 1548 960 1598 constent

120 1631 269 1705 corporeis
283 1649 300 1688 e
315 1631 472 1707 principiis,
488 1641 520 1688 ut
533 1631 649 1688 laedere
665 1632 785 1706 possint.

112 1738 175 1782 ,nec
190 1731 219 1779 te
227 1722 303 1779 'fallit
318 1722 387 1779 item
402 1722 474 1797 quid
489 1723 619 1796 corporis
634 1722 743 1779 auferat
758 1720 874 1796 etquid
980 1738 1024 1791 535

120 1809 253 1869 detrahat
267 1829 304 1868 ex
318 1811 471 1870 hominum
486 1813 580 1870 nervis
594 1831 629 1869 ac
644 1813 750 1871 viribus
765 1813 834 1886 ipsis

120 1912 279 1976 perpetuus
292 1920 389 1960 sermo
405 1903 495 1976 nigrai
509 1903 604 1960 noctis
619 1902 657 1960 ad
671 1903 804 1961 umbram

119 2010 240 2050 aurorae
254 1991 415 2067 perductus
430 1993 467 2051 ab
482 1994 630 2051 exoriente
644 1993 748 2063 nitore,

119 2083 288 2156 praesertim
304 2083 327 2140 si
342 2101 410 2140 cum
425 2093 567 2141 summost
581 2084 707 2140 clamore
722 2083 865 2158 profusus.

120 2189 190 2247 ergo
205 2191 378 2247 corpoream
391 2191 496 2231 vocem
511 2184 643 2231 constare
658 2184 817 2244 necessest,
979 2191 1026 2242 540

120 2263 209 2320 multa
222 2262 345 2337 loquens
360 2264 498 2338 quoniam
514 2265 619 2321 amittit
633 2264 670 2321 de
686 2282 808 2338 corpore
823 2272 946 2338 partem.

120 2354 259 2428 asperitas
273 2364 370 2411 autem
385 2355 465 2412 vocis
479 2356 511 2411 fit
525 2356 562 2412 ab
580 2355 733 2429 asperitate

120 2443 328 2518 principiorum
344 2455 373 2501 et
388 2445 458 2502 item
473 2445 552 2517 levor
566 2445 662 2502 levore
677 2454 797 2502 creatur.

120 2551 175 2591 nec
189 2535 273 2592 simili
287 2544 441 2610 penetrant
454 2536 529 2592 auris
545 2535 702 2629 primordia
716 2537 817 2605 forma,

120 2641 189 2681 cum
202 2625 273 2682 tuba
287 2624 427 2699 depresso
441 2626 564 2699 graviter
571 2613 630 2683 'sub
645 2643 789 2715 mnrmqpe
805 2625 897 2699 mugit
976 2641 1021 2694 545

121 2722 150 2771 et
163 2714 265 2772 reboat
278 2732 398 2772 raucum
413 2715 492 2789 regio
507 2716 564 2772 cita
578 2716 698 2773 barbara
711 2715 865 2786 bombum,

121 2812 150 2861 et
162 2803 264 2862 validis
279 2806 365 2880 cycni
379 2807 552 2862 torrentibus
567 2824 604 2862 ex
619 2806 773 2862 Heliconis

120 2911 188 2951 cum
203 2894 343 2969 liquidam
357 2895 460 2952 tollunt
474 2895 586 2970 lugubri
600 2914 674 2953 voce
689 2895 857 2970 querellam.

161 2985 262 3042 Hasce
276 2984 361 3060 igitur
374 2986 489 3060 penitus
503 3004 591 3043 voces
606 3004 675 3042 cum
689 3003 813 3060 corpore
828 2994 928 3044 nostro

120 3075 307 3148 exprimimus
321 3086 460 3149 rectoque
475 3076 550 3133 foras
566 3076 724 3133 emittimus
738 3093 799 3146 ore,
977 3093 991 3146 5
994 3093 1026 3146 5ο
1106 3144 1107 3149 ¹

120 3165 235 3223 mobilis
248 3165 378 3223 articulat
392 3140 546 3224 verboruin
560 3165 684 3224 daedala
697 3167 798 3240 lingua
1099 3154 1103 3161 ⁸

119 3234 336 3331 formatd‘raque
352 3256 496 3314 labrorum
511 3266 660 3355 prqparte
675 3256 787 3330 figurat.

119 3338 178 3404 hot
191 3345 242 3404 ubi
255 3364 316 3403 non
330 3345 449 3421 longum
464 3348 616 3421 spatiumst
630 3346 709 3403 unde
725 3364 783 3404 una
797 3346 930 3420 profecta
1005 3342 1026 3395 :'³'
1109 3363 1114 3380 ⁴

120 3435 274 3511 perveniat
286 3454 345 3495 vox
358 3453 502 3512 quaeque,
516 3446 666 3496 necessest
679 3437 767 3494 verba
782 3454 900 3511 quoque
915 3437 977 3511 ipsa
