2498 3894
191 199 247 269 11.]
430 200 485 253 DE
502 200 656 268 ⁴RERUM
684 201 856 254 NATURA
1053 201 1091 267 53

188 380 244 419 nec
258 361 334 419 bene
349 321 511 435 promerdis
525 361 639 434 capitur
653 379 750 435 neque
765 363 891 437 tangitur
905 363 955 420 ira.

188 451 236 508 hic
251 453 339 526 siquis
354 469 433 508 mare
449 452 620 525 Neptunum
638 453 834 526 Cereremque
849 469 954 510 vocare

188 543 337 599 constituit
349 543 446 615 fruges
460 552 490 598 et
504 541 613 598 Bacchi
627 542 747 599 nomine
762 543 842 600 abuti

188 633 296 690 mavolt
309 650 398 706 quarn
412 632 503 688 laticis
518 631 667 705 proprium
681 633 808 705 proferre
823 650 977 704 vocamen,

189 713 434 780 concedamus'ut
448 721 495 777 hic
511 731 649 778 terrarum
664 721 777 779 dictitet
792 723 894 780 orbem
1042 730 1089 795 655

189 831 252 870 esse
267 811 356 869 deum
371 822 502 881 matrem,
518 810 589 868 dum
602 829 671 868 vera
684 830 714 868 re
730 822 828 869 tamen
845 813 906 887 ipse

187 903 325 977 religione
340 903 469 958 animum
484 903 559 975 turpi
574 902 743 976 contingere
758 914 867 976 parcat.

188 1004 262 1050 terra
276 991 394 1066 quidem
409 1010 478 1048 vero
493 1002 571 1049 caret
585 992 666 1049 omni
680 1003 812 1066 ternpore
827 1011 923 1065 sensu,

189 1093 218 1140 et
233 1083 300 1157 quia
315 1083 468 1139 multarum
483 1082 592 1156 potitur
605 1082 764 1156 primordia
777 1101 883 1156 rerum,

188 1174 278 1230 multa
292 1172 388 1231 modis
403 1173 499 1229 multis
515 1172 595 1229 effert
609 1173 639 1229 in
653 1172 763 1230 lumina
778 1174 853 1230 solis.
1043 1181 1092 1230 660

229 1265 320 1337 Saepe
336 1263 432 1336 itaque
448 1281 484 1319 ex
499 1280 558 1319 uno
573 1262 729 1320 tondentes
744 1264 875 1337 gramina
888 1281 995 1339 campo

188 1354 331 1428 lanigerae
346 1352 477 1428 pecudes
492 1363 520 1409 et
536 1371 678 1426 equorum
693 1352 817 1410 duellica
831 1353 927 1428 proles

187 1444 381 1517 buceriaeque
395 1461 496 1518 greges
511 1442 618 1500 eodem
633 1444 687 1500 sub
701 1444 830 1518 tegmine
848 1443 921 1501 caeli

188 1552 225 1591 ex
238 1552 357 1608 unoque
372 1534 448 1590 sitim
463 1532 598 1590 sedantes
612 1533 730 1590 flumine
746 1534 832 1606 aquai

188 1624 316 1682 dissimili
330 1624 430 1681 vivont
444 1623 541 1696 specie
556 1623 739 1696 retinentque
755 1634 907 1697 parentum
1044 1632 1091 1696 665

187 1725 318 1771 naturam
334 1723 363 1771 et
377 1731 472 1770 mores
487 1713 646 1786 generatim
660 1731 794 1787 quaeque
810 1715 966 1773 imitantur.

187 1814 267 1862 tanta
281 1804 368 1861 estin
383 1803 484 1878 quovis
498 1821 605 1877 genere
620 1803 726 1860 herbae
742 1805 871 1861 materiai

188 1894 331 1952 dissimilis
346 1894 427 1965 ratio,
442 1902 522 1950 tanta
536 1903 580 1950 est
594 1893 624 1950 in
638 1872 757 1967 fluinine
772 1912 900 1968 quoque.

187 1985 256 2042 hine
270 2003 357 2060 porro
373 1960 503 2058 quamtis
518 1972 747 2040 animantemex
762 1986 896 2043 omnibus
911 2003 999 2043 unam

188 2093 254 2133 ossa
267 2093 352 2132 cruor
365 2091 457 2131 venae
473 2074 551 2130 calor
565 2092 649 2131 umor
663 2073 774 2130 viscera
787 2075 867 2132 nervi
1042 2081 1091 2143 670

188 2167 387 2237 constituunt;
408 2182 483 2238 quae
498 2173 564 2221 sunt
577 2181 664 2238 porro
679 2163 814 2222 distantia
828 2166 924 2240 longe,

188 2255 319 2313 dissimili
333 2256 462 2330 perfecta
475 2255 566 2329 figura
580 2254 798 2328 principiorum.

187 2355 250 2403 turn
264 2364 351 2420 porro
366 2363 569 2420 quaecumque
584 2344 643 2418 igni
657 2344 803 2401 flammata
818 2356 990 2416 cremantur,

187 2437 211 2493 si
225 2436 265 2493 nil
277 2446 436 2510 praeterea,
451 2445 548 2493 tamen
563 2435 636 2492 haec
650 2435 680 2491 in
696 2452 820 2508 corpore
836 2434 970 2493 condunt

187 2525 266 2584 unde
281 2526 379 2600 ignem
393 2526 486 2583 iacere
502 2537 531 2583 et
545 2526 644 2583 lumen
659 2526 837 2582 summittere
853 2527 965 2599 possint
1042 2532 1088 2597 675

187 2619 381 2692 scintillasque
396 2636 482 2692 agere
497 2619 601 2675 aelate
616 2617 730 2674 differre
745 2618 877 2676 favillam.

187 2718 285 2766 cetera
298 2708 441 2766 consimili
457 2709 562 2766 mentis
576 2708 687 2765 ratione
702 2726 858 2782 peragrans

187 2799 317 2856 invenies
332 2798 417 2873 igitur
431 2799 585 2856 multarum
601 2799 713 2857 semina
726 2816 822 2855 rerum

187 2906 312 2962 corpore
326 2888 419 2945 celare
435 2898 463 2945 et
477 2889 568 2946 varias
579 2889 716 2947 cohibere
731 2889 844 2964 figuras.

187 2977 315 3053 denique
330 2978 419 3035 multa
432 2977 513 3035 vides
529 2979 633 3052 quibus
648 2988 677 3036 et
692 2981 773 3037 color
788 2990 817 3037 et
832 2996 918 3054 sapor
931 2996 989 3036 una
1042 2986 1090 3036 680
1104 3030 1113 3053 g.
1201 3054 1207 3062 p

186 3067 302 3126 reddita
316 3077 382 3125 sunt
396 3086 465 3124 cum
479 3067 588 3126 odore:
611 3069 641 3125 in
656 3070 755 3143 primis
770 3071 908 3145 pleraque
923 3067 1002 3127 dona
1099 3068 1102 3073 '
1131 3060 1135 3071 ’

187 3247 261 3305 haec
276 3246 362 3321 igitur
374 3246 457 3304 variis
471 3245 581 3305 debent
595 3258 727 3306 constare
742 3249 859 3324 figuris3

187 3335 274 3395 nidor
287 3337 366 3394 enirn
379 3347 512 3411 penetrat
526 3355 585 3412 qua
598 3339 680 3397 fucus
695 3357 756 3396 non
770 3341 792 3397 it
806 3340 836 3397 in
850 3349 937 3412 artus,

187 3427 272 3486 fucus
285 3427 355 3486 item
370 3445 491 3499 sorsum,
506 3445 619 3487 sorsum
632 3447 720 3504 sapor
735 3429 894 3487 insinuatur

101 3612 524 3767 tfsswssifflaai
549 3652 641 3708 -,...1
673 3617 787 3698 ‹wi-f
988 3614 997 3634 ι

101 3778 436 3852 “ω,..]ξ’],ῂς
682 3835 691 3845 ..
751 3832 754 3837 1
