2498 3894
131 211 192 278 150
459 207 691 265 nuenarius
976 206 1028 278 [v.

126 372 266 448 diffugere
280 371 350 430 inde
364 371 421 430 loci
435 381 532 447 partes
546 388 672 446 coepere
685 386 828 445 paresque

125 481 194 520 cum
209 463 326 538 paribus
341 463 420 538 iungi
433 481 479 520 res
493 473 523 520 et
537 461 701 520 discludere
716 459 859 517 mundum

125 554 315 628 membraque
331 552 460 610 dividere
475 563 504 610 et
518 570 638 627 magnas
653 551 807 624 disponere
822 558 928 626 partes,
978 567 1028 620 445

124 643 183 702 hoc
197 651 249 714 est,
264 661 282 700 a
295 643 376 700 terris
390 643 479 699 altum
493 659 645 699 secernere
659 640 782 710 caelum,

124 742 155 790 et
168 751 279 791 sorsum
295 751 374 790 mare
388 732 430 788 uti
444 743 557 790 secreto
572 749 673 789 umore
687 738 809 805 pateret,

124 841 238 881 seorsus
252 823 322 880 item
336 823 400 898 puri
414 822 576 896 secretique
590 821 713 880 aetheris
727 821 817 895 ignes.

165 913 284 988 Quippe
298 913 407 970 etenim
421 914 546 987 primum
560 911 645 969 terrai
659 929 783 986 corpora
796 927 940 985 quaeque,

123 1013 279 1078 propterea
292 1002 375 1078 quod
389 1013 471 1060 erant
484 1002 580 1077 gravia
593 1011 623 1059 et
637 1002 785 1076 perplexa,
800 1001 920 1059 coibant
979 1017 1029 1072 450

123 1094 154 1150 in
168 1093 267 1151 medio
282 1103 369 1167 atque
383 1093 455 1151 imas
469 1093 625 1168 capiebant
638 1091 739 1150 omnia
752 1089 857 1164 sedes,

123 1201 199 1257 quae
213 1193 324 1259 quanto
338 1184 430 1258 magis
444 1184 518 1241 inter
531 1201 563 1242 se
576 1183 716 1260 perplexa
730 1183 856 1253 coibant,

122 1283 183 1331 tam
197 1275 289 1348 magis
304 1292 471 1349 expressere
486 1293 610 1349 eaquae
626 1292 705 1331 mare
720 1272 815 1331 sidera
829 1271 920 1330 solem

122 1364 279 1438 lunamque
294 1364 444 1422 efficerent
458 1375 488 1422 et
502 1365 599 1438 magni
614 1363 731 1421 moenia
744 1361 856 1419 mundi.

122 1455 222 1512 omnia
236 1454 315 1512 enirn
331 1455 423 1528 magis
437 1453 511 1512 haec
525 1471 542 1512 e
556 1453 668 1512 levibus
681 1463 768 1526 atque
783 1450 917 1509 rutundis
978 1468 1026 1521 455

122 1544 281 1602 seminibus
295 1544 447 1618 multoque
462 1544 616 1602 minoribu’
632 1553 699 1600 sunt
713 1541 865 1601 elementis

122 1651 210 1708 quarn
226 1635 318 1692 tellus.
334 1633 413 1705 ideo,
427 1651 481 1708 per
494 1651 556 1691 rara
569 1634 720 1704 foramina,
735 1642 826 1690 terrae

121 1725 250 1799 partibus
265 1742 423 1798 erumpens
437 1724 546 1798 primus
560 1741 592 1781 se
606 1723 719 1781 sustulit
732 1722 832 1781 aether

120 1814 223 1888 ignifer
239 1824 268 1871 et
282 1815 389 1872 multos
403 1832 505 1872 secum
519 1814 589 1871 levis
603 1814 719 1872 abstulit
733 1813 815 1888 igniS,

120 1922 181 1961 non
196 1905 251 1961 alia
265 1905 351 1978 longe
366 1905 479 1963 ratione
492 1922 527 1962 ac
542 1908 630 1978 saepe
644 1902 787 1974 videmus,
976 1905 1028 1969 460

75 2057 78 2063 ,
120 2013 207 2051 aurea
221 2013 289 2051 curn
304 1994 431 2068 primunr
445 1993 618 2068 gemmantis
632 2010 697 2049 rore
711 2010 764 2066 per
778 1990 881 2049 herbas

119 2085 261 2142 matutina
275 2085 381 2142 rubent
394 2083 496 2140 radiati
510 2083 619 2140 lumina
633 2083 700 2139 solis

120 2175 314 2248 exhalantque
329 2176 409 2230 lacus
423 2174 558 2231 nebulam
573 2172 710 2246 fluviique
724 2188 878 2245 perennes,

119 2265 242 2339 ipsaque
258 2274 289 2321 ut
303 2263 449 2320 interdurn
465 2265 546 2322 tellus
561 2262 672 2319 fumare
685 2260 818 2332 videtur3

119 2355 218 2411 omnia
232 2372 306 2427 quae
322 2372 435 2411 sursum
450 2371 515 2411 cum
532 2352 731 2422 conciliantur,
747 2351 777 2407 iu
791 2350 849 2408 alto
977 2356 1026 2422 465

119 2461 242 2518 corpore
258 2453 398 2500 concreto
413 2442 569 2500 subtexunt
582 2442 681 2499 nubila
695 2441 817 2498 caelum.

119 2533 160 2590 sic
176 2534 261 2607 igitur
275 2543 336 2590 tum
351 2551 382 2590 se
397 2532 466 2590 levis
480 2550 515 2589 ac
530 2531 658 2589 diffusilis
673 2531 772 2588 aether

119 2641 241 2696 corpore
257 2632 397 2679 concreto
409 2620 605 2682 circumdatus
620 2620 751 2694 undique
766 2620 845 2678 flexit

118 2722 148 2769 et
161 2713 217 2769 late
233 2711 352 2769 diffusus
368 2713 396 2768 in
411 2713 506 2770 omnis
525 2711 655 2785 undique
670 2711 759 2784 partis
972 2783 975 2786 ᾗ

117 2803 217 2859 omnia
231 2803 273 2859 sic
287 2802 373 2859 avido
389 2803 545 2875 complexu
560 2811 657 2858 cetera
671 2799 788 2874 saepsit.
977 2818 1027 2866 470

118 2891 197 2948 hunc
212 2892 332 2948 exordia
345 2901 412 2948 sunt
426 2892 494 2949 solis
509 2893 651 2964 lunaeque
666 2898 776 2959 secuta,

118 2980 327 3055 interutrasque
343 2981 421 3054 globi
437 2999 559 3055 quorum
575 2989 724 3037 vertuntur
738 2979 768 3036 in
783 2976 877 3048 auris;

118 3088 193 3145 quae
209 3089 304 3144 neque
319 3081 394 3127 terra
408 3073 462 3130 sibi
476 3071 597 3128 adscivit
611 3088 667 3127 nec
681 3070 825 3127 maximus
840 3067 949 3139 aether,

118 3161 199 3236 quod
214 3179 310 3234 neque
325 3170 386 3218 tarn
401 3163 514 3220 fuerunt
528 3161 670 3235 graviayut
684 3160 823 3234 depressa
836 3158 982 3229 sederent,

117 3268 174 3308 nec
188 3251 260 3308 levia
275 3260 307 3307 ut
321 3262 441 3325 possent
455 3269 507 3326 per
520 3269 648 3308 summas
663 3251 752 3308 labier
766 3267 841 3319 oras,
972 3268 1005 3316 47
1008 3265 1023 3318 5

118 3349 148 3397 et
161 3349 260 3398 tamen
275 3341 484 3414 interutrasque
499 3343 539 3398 ita
553 3351 619 3398 sunt
633 3350 665 3397 ut
679 3358 803 3414 corpora
816 3339 881 3397 viva

118 3440 233 3487 versent
247 3440 277 3487 et
290 3440 386 3505 partes
400 3440 432 3488 ut
446 3430 549 3488 mundi
563 3431 650 3488 totius
665 3438 784 3501 extent3
