2498 3894
677 0 685 11 .
812 1 814 4 .

223 175 267 237 24
391 134 395 141 ’
558 173 789 229 Lucnurrus
996 134 1000 141 ¹
1086 176 1125 247 [1.

168 371 180 375 -ae
221 351 308 409 posse
323 331 428 392 eadem
443 331 569 409 demptis
583 335 684 410 paucis
697 334 865 410 paucisque
873 335 996 409 tributis,
1076 344 1127 395 800

221 424 324 482 ordine
339 434 451 482 mutato
466 435 495 483 et
509 436 590 483 motu
616 426 712 483 facere
726 426 800 484 aeris
813 434 910 499 auras·

114 511 165 569 ν(
221 514 345 572 sicalias
360 515 421 572 aliis
435 516 520 573 rebus
535 534 584 572 mu
615 515 670 572 rier
683 516 801 574 omnis?
1107 508 1143 587 f*
1187 550 1193 565 ι
1232 540 1241 573 :

135 604 141 618 “
203 630 219 647 ·
261 607 317 662 ‘At
330 605 483 662 manifesta
496 605 591 679 palam
605 623 650 663 res
664 605 791 663 indicat’
806 605 902 680 inquis
916 606 964 664 ‘in
978 624 1063 690 auras
1098 588 1149 645 3⁰¹¹

220 695 293 753 aens
308 713 324 752 e
339 704 414 752 terra
426 713 472 753 res
487 695 581 752 omnis
595 690 727 753 crescere
741 695 837 770 alique
848 716 858 770 3
1031 696 1116 779 5⁴²³·
1144 708 1171 747 τ’
1203 706 1240 733 ''³¹-

134 771 138 781 ’
221 793 251 843 et
263 786 317 843 nisi
327 795 485 860 ¹tempestas
500 766 630 860 indulget
644 794 777 860 tempore
791 785 886 843 fausto
1019 804 1031 861 j
1076 795 1138 873 805!
1194 788 1217 839 Χ

27 872 60 909 '¹
113 874 123 897 ²
220 859 368 947 imbribus,
383 886 415 933 ut
428 857 494 933 tabe
509 876 673 933 nimborum
688 875 804 934 arbusta
816 876 961 949 vacillent,
1006 871 1107 957 '0¹3³
1123 892 1134 907 ··
1188 863 1210 889 ⁴
1223 866 1243 903 “

1 1011 3 1026 .
58 982 103 1038 f,
173 945 321 1041 [solque
337 984 389 1023 sua
402 984 455 1040 pro
470 976 550 1040 parte
565 966 643 1023 fovet
656 965 813 1040 tribuitque
827 967 964 1038 calorem,
1010 985 1026 1027 .·,
1050 1014 1053 1019 .
1075 972 1091 1007 ’-
1151 994 1183 1019 ‚-
1233 982 1243 1014 ι’

22 1055 26 1066 ’
62 1041 102 1067 ³
177 1067 190 1112 f
220 1075 349 1114 crescere
364 1075 424 1114 non
438 1057 549 1132 possint
560 1056 656 1131 fruges
670 1056 787 1115 arbusta
799 1058 972 1116 animantis)
1042 1022 1056 1081 s
1116 1114 1166 1153 m

13 1174 20 1190 ο
144 1180 158 1225 2
219 1148 329 1205 scilicet
342 1157 372 1204 et
386 1148 440 1205 nisi
454 1165 508 1205 nos
522 1148 604 1204 cibus
615 1147 712 1205 aridus
727 1157 757 1206 et
770 1156 853 1205 tener
866 1166 952 1206 umor
1012 1140 1108 1241 ,[’Ῐῖΐ
1142 1154 1164 1219 ᾗ
1220 1152 1224 1158 ’

1 1221 134 1349 (ΝΜ
219 1237 345 1310 adiuvet,
360 1238 466 1295 amisso
480 1239 538 1295 iam
552 1256 676 1312 corpore
689 1238 748 1295 vita
761 1255 880 1312 quoque
896 1238 991 1296 omnis
1009 1228 1013 1235 ¹
1057 1230 1148 1297 '‘816''
1162 1252 1206 1317 fs

157 1314 164 1327 ’
184 1328 187 1333 ’
218 1328 353 1386 omnibus
369 1346 385 1385 e
400 1329 493 1385 nervis
508 1337 595 1402 atque
610 1328 723 1386 ossibus
737 1329 902 1386 exsoluatur
911 1349 920 1403 3
1026 1345 1117 1393 ww
1134 1332 1147 1386 ζ’
1157 1324 1179 1375 ῑὲ

218 1417 382 1475 adiutamur
396 1418 475 1476 enim
489 1417 580 1476 dubio
594 1419 698 1493 procul
711 1426 799 1492 atque
813 1419 916 1477 alimur
928 1436 984 1477 nos

3 1548 6 1555 ·
51 1483 77 1616 f
142 1531 184 1570 tc-
218 1509 303 1566 certis
317 1509 354 1567 ab
368 1509 463 1579 rebus,
478 1489 563 1566 ce'rtis
578 1509 650 1566 aliae
664 1518 752 1583 atque
766 1509 838 1566 aliae
852 1527 908 1568 res.
1142 1508 1162 1588 ’ς
1210 1522 1217 1536 ·

0 1551 30 1680 ff
134 1615 138 1623 ’
217 1598 353 1655 nimirum
367 1599 540 1673 quiamulta
553 1598 649 1657 modis
663 1599 832 1657 communia
845 1599 942 1658 multis
1079 1524 1204 1664 Aa

136 1660 193 1801 ζ]
217 1689 371 1746 multarum
384 1707 480 1746 rerum
494 1689 524 1745 in
539 1690 625 1748 rebus
636 1689 795 1764 primordia
808 1690 899 1748 mixta
1020 1687 1146 1833 ἧς·

27 1720 116 1882 ‘fh
217 1787 292 1850 sunt,
307 1778 376 1836 ideo
390 1780 474 1837 variis
487 1780 582 1837 variae
596 1798 642 1838 res
656 1779 742 1838 rebus
756 1780 880 1839 aluntur.
1246 1790 1249 1819 ¹

8 1841 102 1946 μί,
216 1878 304 1944 atque
318 1869 423 1927 eadem
438 1871 536 1944 magni
549 1871 636 1928 refert
649 1870 807 1945 primordia
821 1889 909 1946 saepe
1026 1850 1069 2018 f
1186 1881 1237 1945 ,o

216 1978 285 2017 cum
300 1960 405 2034 quibus
419 1968 448 2017 et
462 1959 539 2035 quali
554 1961 682 2035 positura
695 1962 899 2020 contineantur
1035 1968 1112 2064 M*

216 2059 246 2108 et
260 2068 334 2124 quos
348 2053 422 2108 inter
435 2050 550 2108 sedent
564 2049 661 2109 motus
676 2053 899 2127 accipiantque3

215 2159 343 2214 namque
357 2140 463 2199 eadem
477 2142 591 2199 caelum
605 2160 683 2199 mare
698 2152 786 2200 terras
801 2143 919 2201 flumina
933 2143 1026 2202 solem
1072 2151 1121 2201 820

215 2231 404 2303 constituunt,
421 2230 525 2289 eadem
540 2232 943 2317 fruges!arbustaanimantis²
1100 2310 1120 2321 μ
1203 2312 1206 2317 ¹

214 2339 314 2379 verum
329 2323 390 2379 aliis
404 2322 520 2396 alioque
534 2320 799 2381 modo'commixta
812 2334 975 2383 moventur.
1029 2326 1066 2377 ,Νι
1094 2336 1143 2363 ·-·²
1153 2332 1173 2399 j'

215 2413 286 2486 quin
301 2413 388 2470 etiam
402 2413 509 2487 passim
524 2414 628 2471 nostris
644 2415 672 2471 in
686 2415 816 2472 versibus
830 2415 900 2489 ipsis
1101 2420 1105 2427 '

214 2503 305 2575 muita
319 2502 463 2559 elementa
477 2502 559 2561 vides
573 2504 670 2562 multis
682 2504 852 2562 communia
864 2504 968 2577 verbis,

214 2611 281 2650 cum
297 2602 395 2650 tamen
409 2593 484 2670 inter
498 2610 529 2650 se
543 2611 641 2652 versus
657 2612 692 2651 ac
705 2595 794 2652 verba
807 2605 956 2654 necessest
980 2662 986 2683 Ι
1003 2664 1006 2669 ¹
1070 2603 1118 2667 825
1153 2638 1156 2643 .

213 2682 371 2739 confiteare
386 2691 416 2740 et
430 2700 462 2740 re
477 2692 507 2740 et
521 2685 617 2742 sonitu
633 2682 738 2742 distare
753 2678 877 2743 sonanti.
1003 2704 1028 2719 ·'
1060 2726 1062 2733 -
1094 2724 1097 2728 -
1136 2694 1177 2731 «ι’
1199 2686 1211 2715 ‘-

213 2779 326 2829 tantum
340 2772 487 2830 elementa
499 2783 610 2847 queunt
625 2783 789 2849 permutato
804 2775 907 2833 ordine
922 2775 1003 2848 solo;
1051 2802 1055 2809 ·

213 2869 243 2917 at
256 2879 351 2919 rerum
367 2880 441 2936 quae
456 2873 523 2920 sunt
537 2864 704 2939 primordia,
719 2849 802 2939 pluia
815 2847 954 2924 adhiitere
999 2859 1077 2923 (Μ
1150 2935 1157 2946 ·
1230 2863 1232 2868 ’

213 2961 335 3024 possunt
348 2952 427 3010 unde
443 2963 552 3026 queant
566 2955 660 3012 variae
675 2972 720 3012 res
735 2974 869 3031 quaeque
884 2956 983 3015 creari.
1006 2940 1116 3002 ΒΜ

254 3041 342 3099 Nunc
358 3050 387 3100 et
401 3023 591 3118 Anaxagorae
607 3056 767 3103 scrutemur
781 3032 1020 3106 homfflmerian
1069 3055 1118 3119 830

212 3149 301 3206 quarn
316 3133 386 3191 Grai
400 3144 564 3192 memorant
578 3153 634 3192 nec
648 3146 746 3194 nostra
761 3135 859 3196 dicere
873 3137 972 3213 lingua

212 3222 351 3280 concedit
365 3223 450 3282 nobis
464 3225 548 3298 patrii
563 3226 705 3283 sermonis
720 3237 842 3301 egestas,

212 3311 266 3370 sed
281 3321 380 3371 tamen
393 3313 487 3389 ipsam
500 3332 562 3371 rem
577 3315 687 3373 facilest
702 3334 848 3391 exponere
863 3317 966 3376 verbis.

212 3405 366 3480 principio,
381 3422 476 3462 rerum
491 3422 582 3480 quom
597 3405 668 3463 dicit
683 3406 932 3481 homoeomerian,
