2498 3894
179 223 222 301 84
513 233 744 289 LUCRETIUS
931 189 943 218 ⁸
1006 233 1080 304 [ΙΙΙ.

537 344 571 409 2<

177 406 266 472 atque
280 397 327 455 alii
341 415 443 456 sensus
458 397 508 472 qui
522 407 609 454 vitam
625 414 752 472 cumque
767 398 938 473 gubernant,
1034 416 1083 472 550

178 496 208 545 et
220 487 309 545 veluti
322 507 425 545 manus
439 497 527 561 atque
543 487 644 544 oculus
660 506 779 546 naresve
794 507 924 546 seorsum

178 587 290 636 secreta
303 578 341 635 ab
355 578 439 636 nobis
454 586 604 651 nequeunt
619 578 723 635 sentire
738 597 834 653 neque
849 597 922 651 esse,

178 666 232 727 sed
245 664 344 725 tamen
359 669 387 724 in
402 685 491 742 parvo
506 668 630 724 licuntur
644 678 775 743 tempore
790 671 867 739 tabe,

178 759 220 817 sic
234 759 347 816 animus
362 776 414 834 per
428 775 459 815 se
473 776 535 815 non
548 759 612 831 quit
626 748 688 816 sine
704 777 826 833 corpore
841 771 870 815 et
884 759 949 833 ipso

179 867 242 907 esse
258 849 386 920 homine,
402 849 474 906 illius
488 849 571 922 quasi
585 847 667 923 quod
680 867 731 905 vas
745 865 809 905 esse
822 848 937 906 videtur
1036 869 1082 921 555

178 939 238 996 sive
252 938 331 996 aliud
345 938 416 1012 quid
432 939 472 996 vis
487 939 583 1012 potius
599 938 782 996 coniunctius
797 938 825 995 ei

178 1029 299 1103 fingere,
315 1027 557 1102 quandoquidem
572 1047 687 1085 conexu
702 1046 807 1103 corpus
821 1027 968 1086 adhaeret.

220 1120 356 1193 Denique
371 1119 500 1192 corporis
514 1128 602 1193 atque
617 1119 705 1175 animi
720 1119 814 1175 vivata
826 1129 956 1193 potestas

179 1210 254 1268 inter
267 1228 298 1267 se
313 1210 472 1266 coniuncta
484 1209 581 1266 valent
594 1209 711 1283 vitaque
726 1209 856 1266 fruuntur
866 1229 875 1281 3

179 1319 235 1359 nec
249 1301 310 1358 sine
326 1318 448 1374 corpore
464 1300 541 1356 enirn
556 1299 646 1356 vitalis
661 1297 749 1355 edere
764 1309 861 1356 motus
1035 1307 1084 1370 560

179 1390 241 1449 sola
254 1399 351 1466 potest
365 1390 453 1446 animi
467 1408 520 1464 per
533 1407 565 1446 se
580 1399 682 1445 natura
695 1407 752 1445 uec
766 1400 864 1445 autem

179 1499 294 1539 cassum
309 1482 407 1537 anima
421 1498 527 1554 corpus
541 1478 644 1536 durare
660 1489 689 1535 et
704 1480 835 1537 sensibus
849 1479 900 1537 uti.

179 1572 291 1630 scilicet
305 1570 418 1628 avolsus
433 1551 578 1627 ra'dicibus
592 1579 624 1628 ut
638 1570 741 1644 nequit
754 1570 842 1626 ullam

114 1683 116 1689 ·
179 1661 323 1736 dispicere
338 1661 400 1736 ipse
415 1661 516 1718 oculus
531 1679 592 1718 rem
606 1679 737 1718 seorsum
751 1678 874 1734 corpore
889 1670 962 1732 toto,

180 1752 222 1810 sic
236 1752 332 1809 anima
346 1761 433 1825 atque
448 1752 561 1808 animus
575 1769 629 1826 per
642 1769 674 1809 se
688 1751 728 1808 nil
741 1769 828 1826 posse
843 1751 966 1809 videtur.
1035 1757 1083 1822 563

179 1841 315 1899 nimirum
329 1842 398 1916 quia
411 1860 465 1917 per
477 1860 566 1898 venas
581 1851 610 1898 et
623 1841 734 1899 viscera
748 1841 869 1912 mixtim,

179 1949 233 2008 per
246 1950 349 1989 nervos
364 1942 451 2006 atque
465 1950 540 2003 ossa,
556 1941 691 1989 tenentur
705 1950 828 2006 corpore
843 1932 880 1991 ab
895 1931 976 1990 omni

178 2040 237 2080 nec
250 2023 362 2098 magnis
378 2023 529 2079 intervallis
543 2021 701 2096 primordia
714 2031 837 2096 possunt

178 2116 269 2172 libera
282 2113 441 2184 dissultare,
457 2112 526 2171 ideo
540 2113 680 2170 conclusa
693 2122 846 2170 moventur

179 2205 332 2262 sensiferos
347 2215 443 2260 motus
458 2221 532 2277 quos
546 2213 627 2260 extra
641 2206 746 2277 corpus
761 2204 887 2260 inauras
1035 2221 1085 2272 570

179 2295 253 2352 aeris
267 2294 336 2350 haut
350 2304 471 2368 possunt
485 2303 552 2368 post
566 2302 690 2350 mortem
705 2294 798 2351 eiecta
812 2291 923 2350 moveri

180 2394 334 2459 propterea
348 2384 416 2460 quia
428 2402 489 2441 non
504 2384 588 2442 simili
601 2384 712 2442 ratione
726 2394 869 2441 tenentur.

179 2493 286 2550 corpus
301 2476 378 2532 enirn
389 2484 477 2549 atque
491 2475 623 2532 animans
644 2475 697 2532 erit
710 2476 768 2546 aer,
784 2475 807 2532 si
822 2474 959 2531 cohibere

179 2583 244 2623 sese
258 2565 355 2622 anima
369 2575 456 2639 atque
470 2565 501 2622 in
516 2583 552 2623 eo
566 2565 673 2640 poterit
688 2565 863 2623 concludere
878 2575 974 2623 motus

179 2673 254 2730 quos
268 2664 336 2713 ante
350 2658 380 2713 in
394 2656 488 2714 nervis
502 2666 531 2713 et
546 2657 576 2713 in
590 2657 654 2730 ipso
668 2674 792 2730 corpore
808 2657 920 2731 agebat.
990 2658 996 2695 ῑ
1013 2672 1017 2695 ³
1031 2673 1088 2728 575·

179 2746 250 2821 quin
264 2746 351 2802 etiam
365 2745 430 2803 finis
444 2745 516 2803 dum
529 2748 603 2804 vitae
617 2747 735 2804 vertitur
749 2747 831 2817 intra,
1021 2745 1024 2751 ’

179 2853 268 2910 saepe
282 2836 378 2911 aliqua
392 2845 492 2919 tamen
507 2855 523 2894 e
538 2855 626 2894 causa
639 2836 780 2895 labefacta
794 2836 907 2895 videtur

178 2925 219 2983 ir'e
234 2925 331 2983 anima
345 2943 379 2982 ac
393 2935 456 2984 toto
471 2927 544 2985 solui
559 2925 597 2984 de
612 2944 733 3001 corpore
748 2927 820 2984 velle

179 3024 210 3074 et
223 3015 305 3090 quasi
320 3034 456 3091 supremo
470 3018 656 3092 languescere
671 3027 803 3093 tempore
817 3017 910 3074 voltus

179 3106 335 3180 molliaque
350 3108 488 3182 exsangui
502 3119 605 3166 trunco
620 3106 725 3165 cadere
740 3108 839 3165 omnia
852 3108 992 3165 membra.
1033 3115 1083 3178 580

179 3195 262 3272 quod
276 3214 368 3272 genus
382 3207 434 3279 est,¹
450 3198 547 3258 animo
562 3198 759 3256 malefactum
774 3184 844 3255 cumx
855 3197 1023 3272 perhibetur

179 3296 230 3345 aut
243 3288 371 3345 animam
384 3288 500 3362 liquisse
512 3309 519 3360 ;
541 3289 590 3346 ubi
605 3289 663 3346 iarn
676 3287 835 3362 trepidatur
849 3298 878 3345 et
892 3305 995 3346 omnes

181 3389 344 3437 extremum
358 3379 480 3453 cupiunt
493 3380 566 3436 vitae
581 3377 812 3454 repraehendere
826 3378 962 3435 vinclum.
1038 3442 1041 3451 Ι

181 3478 390 3544 conquassatur
404 3470 481 3526 enim
495 3478 557 3526 tum
571 3487 653 3527 mens
667 3468 840 3544 animaeque
854 3477 984 3544 potestas
1035 3466 1038 3471 ’
