<?xml version="1.0" encoding="UTF-8"?>
<!DOCTYPE html PUBLIC "-//W3C//DTD XHTML 1.0 Transitional//EN"
    "http://www.w3.org/TR/xhtml1/DTD/xhtml1-transitional.dtd">
<html xmlns="http://www.w3.org/1999/xhtml" xml:lang="en" lang="en">
 <head>
  <title>
</title>
<meta http-equiv="Content-Type" content="text/html;charset=utf-8" />
  <meta name='ocr-system' content='tesseract 3.04.00' />
  <meta name='ocr-capabilities' content='ocr_page ocr_carea ocr_par ocr_line ocrx_word'/>
</head>
<body>
  <div class='ocr_page' id='page_1' title='image "./tlucreticarider00kelsgoog_0115.png"; bbox 0 0 2498 3894; ppageno 0'>
   <div class='ocr_carea' id='block_1_1' title="bbox 158 214 1058 301">
    <p class='ocr_par' dir='ltr' id='par_1_1' title="bbox 158 214 1058 301">
     <span class='ocr_line' id='line_1_1' title="bbox 158 214 1058 301; baseline 0.003 -35"><span class='ocrx_word' id='word_1_1' title='bbox 158 215 200 282; x_wconf 81' lang='lat'>50</span> <span class='ocrx_word' id='word_1_2' title='bbox 465 252 480 301; x_wconf 93' lang='lat'>·.</span> <span class='ocrx_word' id='word_1_3' title='bbox 495 215 734 279; x_wconf 76' lang='lat' dir='ltr'>Lucaarrus</span> <span class='ocrx_word' id='word_1_4' title='bbox 978 284 980 291; x_wconf 12' lang='grc' dir='ltr'><strong>Α</strong></span> <span class='ocrx_word' id='word_1_5' title='bbox 1002 214 1058 284; x_wconf 90' lang='lat'><em>[11.</em></span> 
     </span>
    </p>
   </div>
   <div class='ocr_carea' id='block_1_2' title="bbox 141 340 1059 3520">
    <p class='ocr_par' dir='ltr' id='par_1_2' title="bbox 145 340 1059 2439">
     <span class='ocr_line' id='line_1_2' title="bbox 391 340 617 369; baseline 0 -16"><span class='ocrx_word' id='word_1_6' title='bbox 391 340 420 369; x_wconf 55' lang='lat' dir='ltr'>,a</span> <span class='ocrx_word' id='word_1_7' title='bbox 480 348 534 363; x_wconf 61' lang='grc'>,,,</span> <span class='ocrx_word' id='word_1_8' title='bbox 613 344 617 353; x_wconf 90' lang='grc'>.</span> 
     </span>
     <span class='ocr_line' id='line_1_3' title="bbox 155 373 1037 451; baseline -0.001 -17"><span class='ocrx_word' id='word_1_9' title='bbox 155 395 216 434; x_wconf 89' lang='lat' dir='ltr'>non</span> <span class='ocrx_word' id='word_1_10' title='bbox 230 375 346 451; x_wconf 89' lang='lat' dir='ltr'>poterit,</span> <span class='ocrx_word' id='word_1_11' title='bbox 361 393 467 451; x_wconf 90' lang='lat' dir='ltr'>neque,</span> <span class='ocrx_word' id='word_1_12' title='bbox 479 373 561 450; x_wconf 92' lang='lat' dir='ltr'>quod</span> <span class='ocrx_word' id='word_1_13' title='bbox 575 383 715 448; x_wconf 89' lang='lat' dir='ltr'>superest,</span> <span class='ocrx_word' id='word_1_14' title='bbox 730 391 917 448; x_wconf 84' lang='lat' dir='ltr'><strong>procrescere</strong></span> <span class='ocrx_word' id='word_1_15' title='bbox 931 374 1037 451; x_wconf 88' lang='lat' dir='ltr'>alique.</span> 
     </span>
     <span class='ocr_line' id='line_1_4' title="bbox 155 466 1042 542; baseline -0.001 -18"><span class='ocrx_word' id='word_1_16' title='bbox 155 468 265 542; x_wconf 89' lang='lat' dir='ltr'>quippe</span> <span class='ocrx_word' id='word_1_17' title='bbox 280 466 388 524; x_wconf 86' lang='lat' dir='ltr'><strong>etenim</strong></span> <span class='ocrx_word' id='word_1_18' title='bbox 403 484 515 524; x_wconf 91' lang='lat' dir='ltr'>sumam</span> <span class='ocrx_word' id='word_1_19' title='bbox 530 466 587 522; x_wconf 88' lang='lat' dir='ltr'>hoc</span> <span class='ocrx_word' id='word_1_20' title='bbox 602 483 720 540; x_wconf 90' lang='lat' dir='ltr'>quoque</span> <span class='ocrx_word' id='word_1_21' title='bbox 736 466 776 522; x_wconf 90' lang='lat' dir='ltr'>uti</span> <span class='ocrx_word' id='word_1_22' title='bbox 791 466 872 523; x_wconf 86' lang='lat' dir='ltr'>linita</span> <span class='ocrx_word' id='word_1_23' title='bbox 885 483 939 540; x_wconf 91' lang='lat' dir='ltr'>per</span> <span class='ocrx_word' id='word_1_24' title='bbox 952 485 1042 524; x_wconf 91' lang='lat' dir='ltr'>omne</span> 
     </span>
     <span class='ocr_line' id='line_1_5' title="bbox 155 557 703 633; baseline -0.004 -18"><span class='ocrx_word' id='word_1_25' title='bbox 155 577 279 633; x_wconf 89' lang='lat' dir='ltr'>corpora</span> <span class='ocrx_word' id='word_1_26' title='bbox 292 558 391 615; x_wconf 87' lang='lat' dir='ltr'>iactari</span> <span class='ocrx_word' id='word_1_27' title='bbox 404 557 489 614; x_wconf 92' lang='lat' dir='ltr'>unius</span> <span class='ocrx_word' id='word_1_28' title='bbox 503 557 639 631; x_wconf 83' lang='lat' dir='ltr'>genitalia</span> <span class='ocrx_word' id='word_1_29' title='bbox 653 557 703 626; x_wconf 89' lang='lat' dir='ltr'>rei,</span> 
     </span>
     <span class='ocr_line' id='line_1_6' title="bbox 145 648 938 748; baseline 0.003 -44"><span class='ocrx_word' id='word_1_30' title='bbox 145 649 233 706; x_wconf 90' lang='lat' dir='ltr'>&#39;unde</span> <span class='ocrx_word' id='word_1_31' title='bbox 248 649 298 706; x_wconf 92' lang='lat' dir='ltr'>ubi</span> <span class='ocrx_word' id='word_1_32' title='bbox 308 667 372 722; x_wconf 81' lang='lat' dir='ltr'>,qua</span> <span class='ocrx_word' id='word_1_33' title='bbox 384 649 412 705; x_wconf 94' lang='lat' dir='ltr'>vi</span> <span class='ocrx_word' id='word_1_34' title='bbox 421 656 457 723; x_wconf 67' lang='lat' dir='ltr'>fit</span> <span class='ocrx_word' id='word_1_35' title='bbox 470 665 530 721; x_wconf 93' lang='lat' dir='ltr'>quo</span> <span class='ocrx_word' id='word_1_36' title='bbox 544 657 641 748; x_wconf 58' lang='lat' dir='ltr'>pactoJ</span> <span class='ocrx_word' id='word_1_37' title='bbox 647 665 803 720; x_wconf 88' lang='lat' dir='ltr'>congressa</span> <span class='ocrx_word' id='word_1_38' title='bbox 818 648 938 706; x_wconf 91' lang='lat' dir='ltr'>coibunt</span> 
     </span>
     <span class='ocr_line' id='line_1_7' title="bbox 154 737 1059 823; baseline -0.003 -27"><span class='ocrx_word' id='word_1_39' title='bbox 154 739 291 796; x_wconf 87' lang='lat' dir='ltr'>materiae</span> <span class='ocrx_word' id='word_1_40' title='bbox 306 748 387 796; x_wconf 90' lang='lat' dir='ltr'>tanto</span> <span class='ocrx_word' id='word_1_41' title='bbox 403 739 433 796; x_wconf 94' lang='lat' dir='ltr'>in</span> <span class='ocrx_word' id='word_1_42' title='bbox 447 738 551 812; x_wconf 81' lang='lat' dir='ltr'>pelago</span> <span class='ocrx_word' id='word_1_43' title='bbox 566 738 708 812; x_wconf 89' lang='lat' dir='ltr'>turbaque</span> <span class='ocrx_word' id='word_1_44' title='bbox 722 737 836 795; x_wconf 83' lang='lat' dir='ltr'>aliena?</span> <span class='ocrx_word' id='word_1_45' title='bbox 981 811 988 823; x_wconf 25' lang='grc' dir='ltr'>ι</span> <span class='ocrx_word' id='word_1_46' title='bbox 1011 757 1024 809; x_wconf 86' lang='lat'><strong>5</strong></span> <span class='ocrx_word' id='word_1_47' title='bbox 1028 757 1059 808; x_wconf 83' lang='lat'>50</span> 
     </span>
     <span class='ocr_line' id='line_1_8' title="bbox 153 827 890 903; baseline -0.001 -17"><span class='ocrx_word' id='word_1_48' title='bbox 153 847 223 899; x_wconf 89' lang='lat' dir='ltr'>non,</span> <span class='ocrx_word' id='word_1_49' title='bbox 240 838 271 886; x_wconf 90' lang='lat' dir='ltr'>ut</span> <span class='ocrx_word' id='word_1_50' title='bbox 284 831 396 903; x_wconf 87' lang='lat' dir='ltr'>opinor,</span> <span class='ocrx_word' id='word_1_51' title='bbox 413 829 521 886; x_wconf 90' lang='lat' dir='ltr'>habent</span> <span class='ocrx_word' id='word_1_52' title='bbox 535 827 678 885; x_wconf 89' lang='lat' dir='ltr'>rationem</span> <span class='ocrx_word' id='word_1_53' title='bbox 694 827 890 901; x_wconf 80' lang='lat' dir='ltr'>conciliandi3</span> 
     </span>
     <span class='ocr_line' id='line_1_9' title="bbox 153 918 891 994; baseline 0 -18"><span class='ocrx_word' id='word_1_54' title='bbox 153 919 206 976; x_wconf 87' lang='lat' dir='ltr'>sed</span> <span class='ocrx_word' id='word_1_55' title='bbox 221 920 303 992; x_wconf 86' lang='lat' dir='ltr'>quasi</span> <span class='ocrx_word' id='word_1_56' title='bbox 316 919 469 993; x_wconf 83' lang='lat' dir='ltr'>naufragiis</span> <span class='ocrx_word' id='word_1_57' title='bbox 487 918 599 994; x_wconf 86' lang='lat' dir='ltr'>magnis</span> <span class='ocrx_word' id='word_1_58' title='bbox 613 918 768 992; x_wconf 90' lang='lat' dir='ltr'>multisque</span> <span class='ocrx_word' id='word_1_59' title='bbox 784 920 891 976; x_wconf 91' lang='lat' dir='ltr'>coortis</span> 
     </span>
     <span class='ocr_line' id='line_1_10' title="bbox 153 1008 919 1085; baseline 0.004 -20"><span class='ocrx_word' id='word_1_60' title='bbox 153 1008 305 1066; x_wconf 85' lang='lat' dir='ltr'>disiectare</span> <span class='ocrx_word' id='word_1_61' title='bbox 320 1010 394 1067; x_wconf 91' lang='lat' dir='ltr'>solet</span> <span class='ocrx_word' id='word_1_62' title='bbox 408 1027 546 1084; x_wconf 90' lang='lat' dir='ltr'>magnum</span> <span class='ocrx_word' id='word_1_63' title='bbox 561 1027 639 1066; x_wconf 89' lang='lat' dir='ltr'>mare</span> <span class='ocrx_word' id='word_1_64' title='bbox 654 1017 776 1067; x_wconf 89' lang='lat' dir='ltr'>transtra</span> <span class='ocrx_word' id='word_1_65' title='bbox 789 1010 919 1085; x_wconf 87' lang='lat' dir='ltr'>guberna</span> 
     </span>
     <span class='ocr_line' id='line_1_11' title="bbox 152 1081 862 1174; baseline 0.003 -19"><span class='ocrx_word' id='word_1_66' title='bbox 152 1102 304 1156; x_wconf 76' lang='lat' dir='ltr'>antemnas</span> <span class='ocrx_word' id='word_1_67' title='bbox 319 1117 436 1174; x_wconf 86' lang='lat' dir='ltr'>proram</span> <span class='ocrx_word' id='word_1_68' title='bbox 451 1100 542 1156; x_wconf 89' lang='lat' dir='ltr'>malos</span> <span class='ocrx_word' id='word_1_69' title='bbox 557 1081 714 1173; x_wconf 70' lang='lat' dir='ltr'>tonsdsque</span> <span class='ocrx_word' id='word_1_70' title='bbox 728 1100 862 1171; x_wconf 86' lang='lat' dir='ltr'>natantis,</span> 
     </span>
     <span class='ocr_line' id='line_1_12' title="bbox 151 1188 1055 1264; baseline 0.001 -19"><span class='ocrx_word' id='word_1_71' title='bbox 151 1205 205 1262; x_wconf 88' lang='lat' dir='ltr'>per</span> <span class='ocrx_word' id='word_1_72' title='bbox 218 1196 356 1246; x_wconf 86' lang='lat' dir='ltr'>terrarum</span> <span class='ocrx_word' id='word_1_73' title='bbox 371 1189 466 1246; x_wconf 91' lang='lat' dir='ltr'>omnis</span> <span class='ocrx_word' id='word_1_74' title='bbox 480 1207 545 1246; x_wconf 91' lang='lat' dir='ltr'>oras</span> <span class='ocrx_word' id='word_1_75' title='bbox 560 1188 701 1245; x_wconf 88' lang='lat' dir='ltr'>fluitantia</span> <span class='ocrx_word' id='word_1_76' title='bbox 715 1190 841 1264; x_wconf 87' lang='lat' dir='ltr'>aplustra</span> <span class='ocrx_word' id='word_1_77' title='bbox 1009 1207 1055 1260; x_wconf 91' lang='grc'>555</span> 
     </span>
     <span class='ocr_line' id='line_1_13' title="bbox 151 1277 842 1351; baseline 0.003 -17"><span class='ocrx_word' id='word_1_78' title='bbox 151 1287 184 1334; x_wconf 90' lang='lat' dir='ltr'>ut</span> <span class='ocrx_word' id='word_1_79' title='bbox 197 1278 350 1336; x_wconf 87' lang='lat' dir='ltr'>videantur</span> <span class='ocrx_word' id='word_1_80' title='bbox 364 1289 393 1336; x_wconf 91' lang='lat' dir='ltr'>et</span> <span class='ocrx_word' id='word_1_81' title='bbox 406 1278 547 1336; x_wconf 90' lang='lat' dir='ltr'>indicium</span> <span class='ocrx_word' id='word_1_82' title='bbox 561 1279 729 1337; x_wconf 85' lang='lat' dir='ltr'>mortalibus</span> <span class='ocrx_word' id='word_1_83' title='bbox 744 1277 842 1351; x_wconf 89' lang='lat' dir='ltr'>edant,</span> 
     </span>
     <span class='ocr_line' id='line_1_14' title="bbox 151 1368 781 1444; baseline 0.002 -18"><span class='ocrx_word' id='word_1_84' title='bbox 151 1368 233 1426; x_wconf 90' lang='lat' dir='ltr'>infidi</span> <span class='ocrx_word' id='word_1_85' title='bbox 247 1370 332 1426; x_wconf 87' lang='lat' dir='ltr'>maris</span> <span class='ocrx_word' id='word_1_86' title='bbox 347 1369 464 1427; x_wconf 84' lang='lat' dir='ltr'>insidias</span> <span class='ocrx_word' id='word_1_87' title='bbox 478 1371 603 1444; x_wconf 88' lang='lat' dir='ltr'>virisque</span> <span class='ocrx_word' id='word_1_88' title='bbox 619 1369 781 1444; x_wconf 89' lang='lat' dir='ltr'>dolumque</span> 
     </span>
     <span class='ocr_line' id='line_1_15' title="bbox 151 1459 851 1534; baseline 0.004 -19"><span class='ocrx_word' id='word_1_89' title='bbox 151 1469 183 1516; x_wconf 90' lang='lat' dir='ltr'>ut</span> <span class='ocrx_word' id='word_1_90' title='bbox 195 1461 284 1517; x_wconf 90' lang='lat' dir='ltr'>vitare</span> <span class='ocrx_word' id='word_1_91' title='bbox 298 1461 395 1527; x_wconf 85' lang='lat' dir='ltr'>velint,</span> <span class='ocrx_word' id='word_1_92' title='bbox 409 1478 483 1517; x_wconf 88' lang='lat' dir='ltr'>neve</span> <span class='ocrx_word' id='word_1_93' title='bbox 498 1460 556 1516; x_wconf 90' lang='lat' dir='ltr'>ullo</span> <span class='ocrx_word' id='word_1_94' title='bbox 571 1470 706 1534; x_wconf 89' lang='lat' dir='ltr'>tempore</span> <span class='ocrx_word' id='word_1_95' title='bbox 721 1459 851 1532; x_wconf 88' lang='lat' dir='ltr'>credant,</span> 
     </span>
     <span class='ocr_line' id='line_1_16' title="bbox 151 1548 809 1625; baseline 0.002 -19"><span class='ocrx_word' id='word_1_96' title='bbox 151 1548 274 1607; x_wconf 90' lang='lat' dir='ltr'>subdola</span> <span class='ocrx_word' id='word_1_97' title='bbox 287 1568 354 1606; x_wconf 89' lang='lat' dir='ltr'>cum</span> <span class='ocrx_word' id='word_1_98' title='bbox 368 1549 443 1606; x_wconf 90' lang='lat' dir='ltr'>ridet</span> <span class='ocrx_word' id='word_1_99' title='bbox 456 1549 564 1624; x_wconf 90' lang='lat' dir='ltr'>placidi</span> <span class='ocrx_word' id='word_1_100' title='bbox 578 1549 703 1625; x_wconf 86' lang='lat' dir='ltr'>pellacia</span> <span class='ocrx_word' id='word_1_101' title='bbox 716 1550 809 1625; x_wconf 92' lang='lat' dir='ltr'>ponti,</span> 
     </span>
     <span class='ocr_line' id='line_1_17' title="bbox 150 1639 1056 1715; baseline 0.001 -19"><span class='ocrx_word' id='word_1_102' title='bbox 150 1639 191 1696; x_wconf 90' lang='lat' dir='ltr'>sic</span> <span class='ocrx_word' id='word_1_103' title='bbox 207 1640 258 1697; x_wconf 92' lang='lat' dir='ltr'>tibi</span> <span class='ocrx_word' id='word_1_104' title='bbox 272 1640 296 1696; x_wconf 89' lang='lat' dir='ltr'>si</span> <span class='ocrx_word' id='word_1_105' title='bbox 310 1640 391 1697; x_wconf 92' lang='lat' dir='ltr'>finita</span> <span class='ocrx_word' id='word_1_106' title='bbox 405 1640 495 1698; x_wconf 91' lang='lat' dir='ltr'>semel</span> <span class='ocrx_word' id='word_1_107' title='bbox 509 1640 668 1714; x_wconf 88' lang='lat' dir='ltr'>primordia</span> <span class='ocrx_word' id='word_1_108' title='bbox 682 1641 829 1715; x_wconf 89' lang='lat' dir='ltr'>quaedam</span> <span class='ocrx_word' id='word_1_109' title='bbox 1008 1648 1056 1712; x_wconf 86' lang='lat'>560</span> 
     </span>
     <span class='ocr_line' id='line_1_18' title="bbox 149 1729 915 1806; baseline 0.003 -20"><span class='ocrx_word' id='word_1_110' title='bbox 149 1729 318 1801; x_wconf 89' lang='lat' dir='ltr'>constitues,</span> <span class='ocrx_word' id='word_1_111' title='bbox 333 1747 436 1789; x_wconf 90' lang='lat' dir='ltr'>aevom</span> <span class='ocrx_word' id='word_1_112' title='bbox 453 1730 603 1788; x_wconf 89' lang='lat' dir='ltr'>debebunt</span> <span class='ocrx_word' id='word_1_113' title='bbox 617 1749 716 1805; x_wconf 84' lang='lat' dir='ltr'>sparsa</span> <span class='ocrx_word' id='word_1_114' title='bbox 729 1749 782 1806; x_wconf 91' lang='lat' dir='ltr'>per</span> <span class='ocrx_word' id='word_1_115' title='bbox 795 1749 915 1789; x_wconf 90' lang='lat' dir='ltr'>omnem</span> 
     </span>
     <span class='ocr_line' id='line_1_19' title="bbox 149 1818 913 1892; baseline 0.003 -16"><span class='ocrx_word' id='word_1_116' title='bbox 149 1818 302 1877; x_wconf 86' lang='lat' dir='ltr'>disiectare</span> <span class='ocrx_word' id='word_1_117' title='bbox 317 1831 412 1878; x_wconf 90' lang='lat' dir='ltr'>aestus</span> <span class='ocrx_word' id='word_1_118' title='bbox 427 1819 532 1877; x_wconf 90' lang='lat' dir='ltr'>diversi</span> <span class='ocrx_word' id='word_1_119' title='bbox 546 1821 686 1892; x_wconf 88' lang='lat' dir='ltr'>materiai,</span> <span class='ocrx_word' id='word_1_120' title='bbox 910 1831 913 1836; x_wconf 87' lang='grc'><strong>“</strong></span> 
     </span>
     <span class='ocr_line' id='line_1_20' title="bbox 149 1914 958 1989; baseline 0.002 -19"><span class='ocrx_word' id='word_1_121' title='bbox 149 1931 310 1988; x_wconf 90' lang='lat' dir='ltr'>numquam</span> <span class='ocrx_word' id='word_1_122' title='bbox 324 1915 354 1972; x_wconf 92' lang='lat' dir='ltr'>in</span> <span class='ocrx_word' id='word_1_123' title='bbox 368 1915 526 1972; x_wconf 89' lang='lat' dir='ltr'>concilium</span> <span class='ocrx_word' id='word_1_124' title='bbox 541 1925 572 1972; x_wconf 92' lang='lat' dir='ltr'>ut</span> <span class='ocrx_word' id='word_1_125' title='bbox 586 1915 699 1989; x_wconf 89' lang='lat' dir='ltr'>possint</span> <span class='ocrx_word' id='word_1_126' title='bbox 713 1915 864 1988; x_wconf 89' lang='lat' dir='ltr'>compulsa</span> <span class='ocrx_word' id='word_1_127' title='bbox 878 1914 958 1972; x_wconf 89' lang='lat' dir='ltr'>coire</span> 
     </span>
     <span class='ocr_line' id='line_1_21' title="bbox 147 2004 913 2076; baseline 0.001 -16"><span class='ocrx_word' id='word_1_128' title='bbox 147 2021 204 2061; x_wconf 91' lang='lat' dir='ltr'>nec</span> <span class='ocrx_word' id='word_1_129' title='bbox 218 2006 354 2062; x_wconf 88' lang='lat' dir='ltr'>remorari</span> <span class='ocrx_word' id='word_1_130' title='bbox 368 2005 398 2062; x_wconf 88' lang='lat' dir='ltr'>in</span> <span class='ocrx_word' id='word_1_131' title='bbox 412 2005 537 2063; x_wconf 88' lang='lat' dir='ltr'>concilio</span> <span class='ocrx_word' id='word_1_132' title='bbox 551 2023 608 2061; x_wconf 89' lang='lat' dir='ltr'>nec</span> <span class='ocrx_word' id='word_1_133' title='bbox 623 2022 753 2062; x_wconf 89' lang='lat' dir='ltr'>crescere</span> <span class='ocrx_word' id='word_1_134' title='bbox 768 2004 913 2076; x_wconf 78' lang='lat' dir='ltr'>adaucta3</span> 
     </span>
     <span class='ocr_line' id='line_1_22' title="bbox 148 2094 1051 2169; baseline 0 -19"><span class='ocrx_word' id='word_1_135' title='bbox 148 2111 272 2168; x_wconf 91' lang='lat' dir='ltr'>quorum</span> <span class='ocrx_word' id='word_1_136' title='bbox 286 2105 440 2169; x_wconf 91' lang='lat' dir='ltr'>utrumque</span> <span class='ocrx_word' id='word_1_137' title='bbox 455 2096 551 2168; x_wconf 88' lang='lat' dir='ltr'>palam</span> <span class='ocrx_word' id='word_1_138' title='bbox 565 2095 626 2151; x_wconf 90' lang='lat' dir='ltr'>fieri</span> <span class='ocrx_word' id='word_1_139' title='bbox 642 2095 794 2151; x_wconf 82' lang='lat' dir='ltr'>manifesta</span> <span class='ocrx_word' id='word_1_140' title='bbox 808 2094 897 2152; x_wconf 89' lang='lat' dir='ltr'>docet</span> <span class='ocrx_word' id='word_1_141' title='bbox 910 2112 965 2163; x_wconf 73' lang='lat' dir='ltr'>reS,</span> <span class='ocrx_word' id='word_1_142' title='bbox 1002 2102 1051 2165; x_wconf 83' lang='lat'>565</span> 
     </span>
     <span class='ocr_line' id='line_1_23' title="bbox 147 2186 865 2260; baseline 0 -19"><span class='ocrx_word' id='word_1_143' title='bbox 147 2194 177 2241; x_wconf 90' lang='lat' dir='ltr'>et</span> <span class='ocrx_word' id='word_1_144' title='bbox 190 2203 236 2242; x_wconf 86' lang='lat' dir='ltr'>res</span> <span class='ocrx_word' id='word_1_145' title='bbox 251 2186 383 2260; x_wconf 85' lang='lat' dir='ltr'>progigni</span> <span class='ocrx_word' id='word_1_146' title='bbox 398 2194 427 2242; x_wconf 88' lang='lat' dir='ltr'>et</span> <span class='ocrx_word' id='word_1_147' title='bbox 441 2186 552 2259; x_wconf 88' lang='lat' dir='ltr'>genitas</span> <span class='ocrx_word' id='word_1_148' title='bbox 567 2203 753 2259; x_wconf 88' lang='lat' dir='ltr'>procrescere</span> <span class='ocrx_word' id='word_1_149' title='bbox 768 2202 865 2258; x_wconf 87' lang='lat' dir='ltr'>posse.</span> 
     </span>
     <span class='ocr_line' id='line_1_24' title="bbox 147 2274 879 2349; baseline -0.001 -18"><span class='ocrx_word' id='word_1_150' title='bbox 147 2292 210 2331; x_wconf 90' lang='lat' dir='ltr'>esse</span> <span class='ocrx_word' id='word_1_151' title='bbox 226 2275 313 2349; x_wconf 87' lang='lat' dir='ltr'>igitur</span> <span class='ocrx_word' id='word_1_152' title='bbox 326 2293 433 2349; x_wconf 87' lang='lat' dir='ltr'>genere</span> <span class='ocrx_word' id='word_1_153' title='bbox 449 2275 478 2331; x_wconf 94' lang='lat' dir='ltr'>in</span> <span class='ocrx_word' id='word_1_154' title='bbox 493 2276 595 2348; x_wconf 91' lang='lat' dir='ltr'>quovis</span> <span class='ocrx_word' id='word_1_155' title='bbox 610 2274 769 2349; x_wconf 91' lang='lat' dir='ltr'>primordia</span> <span class='ocrx_word' id='word_1_156' title='bbox 783 2292 879 2330; x_wconf 90' lang='lat' dir='ltr'>rerum</span> 
     </span>
     <span class='ocr_line' id='line_1_25' title="bbox 146 2364 966 2439; baseline 0 -19"><span class='ocrx_word' id='word_1_157' title='bbox 146 2364 259 2422; x_wconf 87' lang='lat' dir='ltr'>infinita</span> <span class='ocrx_word' id='word_1_158' title='bbox 272 2366 368 2439; x_wconf 87' lang='lat' dir='ltr'>palam</span> <span class='ocrx_word' id='word_1_159' title='bbox 383 2374 426 2422; x_wconf 89' lang='lat' dir='ltr'>est</span> <span class='ocrx_word' id='word_1_160' title='bbox 440 2365 521 2422; x_wconf 90' lang='lat' dir='ltr'>unde</span> <span class='ocrx_word' id='word_1_161' title='bbox 535 2366 633 2422; x_wconf 90' lang='lat' dir='ltr'>omnia</span> <span class='ocrx_word' id='word_1_162' title='bbox 647 2364 878 2439; x_wconf 87' lang='lat' dir='ltr'>suppeditantur.</span> <span class='ocrx_word' id='word_1_163' title='bbox 964 2392 966 2396; x_wconf 96' lang='lat'>·</span> 
     </span>
    </p>

    <p class='ocr_par' dir='ltr' id='par_1_3' title="bbox 141 2454 1052 3520">
     <span class='ocr_line' id='line_1_26' title="bbox 187 2454 892 2529; baseline -0.001 -18"><span class='ocrx_word' id='word_1_164' title='bbox 187 2456 252 2511; x_wconf 88' lang='lat' dir='ltr'>Nec</span> <span class='ocrx_word' id='word_1_165' title='bbox 267 2473 401 2529; x_wconf 90' lang='lat' dir='ltr'>superare</span> <span class='ocrx_word' id='word_1_166' title='bbox 416 2464 527 2529; x_wconf 91' lang='lat' dir='ltr'>queunt</span> <span class='ocrx_word' id='word_1_167' title='bbox 542 2465 638 2512; x_wconf 91' lang='lat' dir='ltr'>motus</span> <span class='ocrx_word' id='word_1_168' title='bbox 652 2456 750 2527; x_wconf 89' lang='lat' dir='ltr'>itaque</span> <span class='ocrx_word' id='word_1_169' title='bbox 765 2454 892 2511; x_wconf 88' lang='lat' dir='ltr'>exitiales</span> 
     </span>
     <span class='ocr_line' id='line_1_27' title="bbox 145 2544 1052 2619; baseline 0.002 -19"><span class='ocrx_word' id='word_1_170' title='bbox 145 2553 287 2618; x_wconf 88' lang='lat' dir='ltr'>perpetuo</span> <span class='ocrx_word' id='word_1_171' title='bbox 301 2563 396 2619; x_wconf 88' lang='lat' dir='ltr'>neque</span> <span class='ocrx_word' id='word_1_172' title='bbox 412 2546 441 2602; x_wconf 93' lang='lat' dir='ltr'>in</span> <span class='ocrx_word' id='word_1_173' title='bbox 458 2554 607 2602; x_wconf 90' lang='lat' dir='ltr'>aeternum</span> <span class='ocrx_word' id='word_1_174' title='bbox 621 2545 743 2618; x_wconf 90' lang='lat' dir='ltr'>sepelire</span> <span class='ocrx_word' id='word_1_175' title='bbox 758 2544 890 2615; x_wconf 88' lang='lat' dir='ltr'>salutem,</span> <span class='ocrx_word' id='word_1_176' title='bbox 1003 2562 1052 2615; x_wconf 86' lang='lat'>570</span> 
     </span>
     <span class='ocr_line' id='line_1_28' title="bbox 145 2635 766 2710; baseline 0.002 -21"><span class='ocrx_word' id='word_1_177' title='bbox 145 2651 201 2690; x_wconf 90' lang='lat' dir='ltr'>nec</span> <span class='ocrx_word' id='word_1_178' title='bbox 216 2653 302 2708; x_wconf 87' lang='lat' dir='ltr'>porro</span> <span class='ocrx_word' id='word_1_179' title='bbox 316 2653 412 2692; x_wconf 87' lang='lat' dir='ltr'>rerum</span> <span class='ocrx_word' id='word_1_180' title='bbox 426 2635 566 2710; x_wconf 87' lang='lat' dir='ltr'>genitales</span> <span class='ocrx_word' id='word_1_181' title='bbox 581 2635 766 2708; x_wconf 88' lang='lat' dir='ltr'>auctificique</span> 
     </span>
     <span class='ocr_line' id='line_1_29' title="bbox 145 2733 785 2799; baseline 0 -19"><span class='ocrx_word' id='word_1_182' title='bbox 145 2734 242 2782; x_wconf 90' lang='lat' dir='ltr'>motus</span> <span class='ocrx_word' id='word_1_183' title='bbox 256 2735 400 2799; x_wconf 90' lang='lat' dir='ltr'>perpetuo</span> <span class='ocrx_word' id='word_1_184' title='bbox 415 2734 538 2798; x_wconf 90' lang='lat' dir='ltr'>possunt</span> <span class='ocrx_word' id='word_1_185' title='bbox 551 2743 663 2782; x_wconf 88' lang='lat' dir='ltr'>servare</span> <span class='ocrx_word' id='word_1_186' title='bbox 679 2733 785 2781; x_wconf 89' lang='lat' dir='ltr'>creata.</span> 
     </span>
     <span class='ocr_line' id='line_1_30' title="bbox 145 2813 814 2889; baseline 0.003 -20"><span class='ocrx_word' id='word_1_187' title='bbox 145 2813 186 2870; x_wconf 90' lang='lat' dir='ltr'>sic</span> <span class='ocrx_word' id='word_1_188' title='bbox 201 2832 295 2888; x_wconf 88' lang='lat' dir='ltr'>aequo</span> <span class='ocrx_word' id='word_1_189' title='bbox 310 2816 418 2889; x_wconf 89' lang='lat' dir='ltr'>geritur</span> <span class='ocrx_word' id='word_1_190' title='bbox 431 2816 589 2872; x_wconf 88' lang='lat' dir='ltr'>certamine</span> <span class='ocrx_word' id='word_1_191' title='bbox 603 2815 814 2889; x_wconf 88' lang='lat' dir='ltr'>principiorum</span> 
     </span>
     <span class='ocr_line' id='line_1_31' title="bbox 145 2903 794 2979; baseline 0.003 -20"><span class='ocrx_word' id='word_1_192' title='bbox 145 2920 182 2959; x_wconf 85' lang='lat' dir='ltr'>ex</span> <span class='ocrx_word' id='word_1_193' title='bbox 195 2903 308 2965; x_wconf 86' lang='lat' dir='ltr'>infinito</span> <span class='ocrx_word' id='word_1_194' title='bbox 323 2915 505 2962; x_wconf 89' lang='lat' dir='ltr'>contractum</span> <span class='ocrx_word' id='word_1_195' title='bbox 519 2915 654 2979; x_wconf 89' lang='lat' dir='ltr'>tempore</span> <span class='ocrx_word' id='word_1_196' title='bbox 668 2905 794 2961; x_wconf 90' lang='lat' dir='ltr'>bellum:</span> 
     </span>
     <span class='ocr_line' id='line_1_32' title="bbox 143 2996 1048 3071; baseline 0 -16"><span class='ocrx_word' id='word_1_197' title='bbox 143 3013 222 3062; x_wconf 75' lang='lat' dir='ltr'>nune</span> <span class='ocrx_word' id='word_1_198' title='bbox 238 2996 285 3063; x_wconf 76' lang='lat' dir='ltr'>hic</span> <span class='ocrx_word' id='word_1_199' title='bbox 300 3015 379 3063; x_wconf 84' lang='lat' dir='ltr'>nunc</span> <span class='ocrx_word' id='word_1_200' title='bbox 394 2997 451 3064; x_wconf 86' lang='lat' dir='ltr'>illle</span> <span class='ocrx_word' id='word_1_201' title='bbox 466 3007 604 3071; x_wconf 90' lang='lat' dir='ltr'>superant</span> <span class='ocrx_word' id='word_1_202' title='bbox 617 2997 713 3054; x_wconf 87' lang='lat' dir='ltr'>vitalia</span> <span class='ocrx_word' id='word_1_203' title='bbox 726 3015 821 3054; x_wconf 89' lang='lat' dir='ltr'>rerum</span> <span class='ocrx_word' id='word_1_204' title='bbox 998 3014 1048 3070; x_wconf 83' lang='lat'>575</span> 
     </span>
     <span class='ocr_line' id='line_1_33' title="bbox 144 3087 829 3162; baseline 0.006 -21"><span class='ocrx_word' id='word_1_205' title='bbox 144 3094 173 3141; x_wconf 90' lang='lat' dir='ltr'>et</span> <span class='ocrx_word' id='word_1_206' title='bbox 187 3096 357 3160; x_wconf 88' lang='lat' dir='ltr'>superantur</span> <span class='ocrx_word' id='word_1_207' title='bbox 371 3087 450 3144; x_wconf 88' lang='lat' dir='ltr'>item.</span> <span class='ocrx_word' id='word_1_208' title='bbox 473 3087 610 3145; x_wconf 89' lang='lat' dir='ltr'>miscetur</span> <span class='ocrx_word' id='word_1_209' title='bbox 624 3088 724 3143; x_wconf 85' lang='lat' dir='ltr'>funere</span> <span class='ocrx_word' id='word_1_210' title='bbox 740 3105 829 3162; x_wconf 88' lang='lat' dir='ltr'>vagor</span> 
     </span>
     <span class='ocr_line' id='line_1_34' title="bbox 143 3177 805 3251; baseline 0.005 -20"><span class='ocrx_word' id='word_1_211' title='bbox 143 3192 231 3249; x_wconf 91' lang='lat' dir='ltr'>quem</span> <span class='ocrx_word' id='word_1_212' title='bbox 245 3177 327 3251; x_wconf 89' lang='lat' dir='ltr'>pueri</span> <span class='ocrx_word' id='word_1_213' title='bbox 342 3177 445 3233; x_wconf 92' lang='lat' dir='ltr'>tollunt</span> <span class='ocrx_word' id='word_1_214' title='bbox 459 3177 576 3235; x_wconf 87' lang='lat' dir='ltr'>visentis</span> <span class='ocrx_word' id='word_1_215' title='bbox 591 3177 706 3234; x_wconf 90' lang='lat' dir='ltr'>luminis</span> <span class='ocrx_word' id='word_1_216' title='bbox 721 3196 805 3249; x_wconf 84' lang='lat' dir='ltr'>oras3</span> 
     </span>
     <span class='ocr_line' id='line_1_35' title="bbox 142 3265 941 3341; baseline 0.003 -19"><span class='ocrx_word' id='word_1_217' title='bbox 142 3283 198 3322; x_wconf 87' lang='lat' dir='ltr'>nee</span> <span class='ocrx_word' id='word_1_218' title='bbox 212 3284 272 3322; x_wconf 86' lang='lat' dir='ltr'>nox</span> <span class='ocrx_word' id='word_1_219' title='bbox 286 3267 343 3322; x_wconf 91' lang='lat' dir='ltr'>ulla</span> <span class='ocrx_word' id='word_1_220' title='bbox 357 3265 435 3323; x_wconf 91' lang='lat' dir='ltr'>diem</span> <span class='ocrx_word' id='word_1_221' title='bbox 450 3285 547 3341; x_wconf 88' lang='lat' dir='ltr'>neque</span> <span class='ocrx_word' id='word_1_222' title='bbox 564 3277 683 3325; x_wconf 89' lang='lat' dir='ltr'>noctem</span> <span class='ocrx_word' id='word_1_223' title='bbox 697 3285 800 3324; x_wconf 87' lang='lat' dir='ltr'>aurora</span> <span class='ocrx_word' id='word_1_224' title='bbox 813 3275 941 3326; x_wconf 87' lang='lat' dir='ltr'>secutast</span> 
     </span>
     <span class='ocr_line' id='line_1_36' title="bbox 142 3355 813 3432; baseline 0.004 -21"><span class='ocrx_word' id='word_1_225' title='bbox 142 3372 217 3428; x_wconf 90' lang='lat' dir='ltr'>quae</span> <span class='ocrx_word' id='word_1_226' title='bbox 232 3374 293 3413; x_wconf 93' lang='lat' dir='ltr'>non</span> <span class='ocrx_word' id='word_1_227' title='bbox 308 3355 431 3413; x_wconf 88' lang='lat' dir='ltr'>audierit</span> <span class='ocrx_word' id='word_1_228' title='bbox 446 3357 551 3415; x_wconf 89' lang='lat' dir='ltr'>mixtos</span> <span class='ocrx_word' id='word_1_229' title='bbox 565 3358 707 3431; x_wconf 88' lang='lat' dir='ltr'>vagitibus</span> <span class='ocrx_word' id='word_1_230' title='bbox 721 3357 813 3432; x_wconf 88' lang='lat' dir='ltr'>aegris</span> 
     </span>
     <span class='ocr_line' id='line_1_37' title="bbox 141 3445 761 3520; baseline 0.002 -17"><span class='ocrx_word' id='word_1_231' title='bbox 141 3445 269 3520; x_wconf 87' lang='lat' dir='ltr'>ploratus</span> <span class='ocrx_word' id='word_1_232' title='bbox 284 3447 383 3504; x_wconf 91' lang='lat' dir='ltr'>mortis</span> <span class='ocrx_word' id='word_1_233' title='bbox 397 3447 521 3504; x_wconf 86' lang='lat' dir='ltr'>comites</span> <span class='ocrx_word' id='word_1_234' title='bbox 535 3456 564 3504; x_wconf 91' lang='lat' dir='ltr'>et</span> <span class='ocrx_word' id='word_1_235' title='bbox 578 3447 684 3505; x_wconf 86' lang='lat' dir='ltr'>funeris</span> <span class='ocrx_word' id='word_1_236' title='bbox 699 3447 761 3505; x_wconf 87' lang='lat' dir='ltr'>atri.</span> 
     </span>
    </p>
   </div>
   <div class='ocr_carea' id='block_1_3' title="bbox 0 0 1254 3894">
    <p class='ocr_par' dir='ltr' id='par_1_4' title="bbox 0 0 1254 3894">
     <span class='ocr_line' id='line_1_38' title="bbox 0 0 1254 3894; baseline 0 5"><span class='ocrx_word' id='word_1_237' title='bbox 0 0 1254 3894; x_wconf 95' lang='lat' dir='ltr'> </span> 
     </span>
    </p>
   </div>
  </div>
 </body>
</html>
