2498 3894
453 685 488 745 Τ.
511 685 701 747 LUCRETI
729 687 833 748 CARI

338 887 415 962 DE
457 887 665 963 RERUM
704 888 950 964 NATURA

471 1102 593 1154 uiuere
618 1102 819 1170 Qunurus.

600 1268 701 1301 ..φ-

192 1397 281 1478 [Avia
295 1399 441 1458 Pieridum
455 1416 577 1474 peragro
591 1400 658 1457 loca
671 1401 775 1457 nullius
790 1410 857 1459 ante

190 1493 257 1549 trita
270 1491 342 1548 solu.
357 1491 435 1547 iuvat
449 1490 576 1564 integros
590 1489 733 1548 accedere
748 1491 835 1548 fontis

190 1591 277 1655 atque
293 1581 414 1652 haurire,
429 1581 566 1654 iuvatque
580 1599 673 1638 novos
688 1580 847 1656 decerpere
862 1582 947 1641 flores

189 1670 392 1745 insignemque
406 1688 474 1728 meo
489 1670 578 1745 capiti
593 1681 693 1744 petere
707 1670 777 1729 inde
791 1691 932 1731 coronam

189 1760 268 1818 unde
283 1762 360 1836 prius
374 1762 441 1818 nulli
457 1761 578 1818 velarint
591 1770 724 1836 tempora
737 1781 836 1820 musae
848 1784 856 1835 ;
1080 1782 1093 1835 5

189 1853 315 1927 primum
329 1851 410 1925 quod
425 1852 537 1926 magnis
551 1851 648 1909 doceo
662 1851 700 1908 de
715 1853 800 1910 rebus
815 1863 845 1910 et
858 1854 925 1912 artis

188 1943 358 2016 religionum
374 1943 503 1999 animum
518 1941 604 1999 nodis
619 1942 768 2000 exsolvere
783 1962 882 2018 perg0,

190 2032 298 2090 deinde
313 2032 395 2106 quod
409 2033 532 2089 obscura
547 2032 585 2089 de
599 2051 630 2089 re
645 2043 706 2090 tam
721 2033 819 2091 lucida
832 2052 930 2109 pango

188 2124 325 2193 carmina,
341 2142 460 2180 musaeo
476 2123 648 2197 contingens
663 2134 770 2181 cuncta
783 2125 892 2199 lepore.

188 2211 219 2269 id
233 2231 351 2287 quoque
366 2214 443 2270 enim
458 2231 518 2269 non
533 2213 569 2270 ab
583 2212 662 2270 nulla
675 2215 786 2274 ratione
800 2215 932 2287 videtur;
1064 2237 1094 2272 ιο

187 2321 256 2359 nam
270 2303 358 2360 veluti
372 2304 468 2378 pueris
483 2303 627 2361 absinthia
640 2313 732 2363 taetra
745 2306 897 2363 medentes

188 2411 256 2450 cum
271 2393 339 2450 dare
355 2404 505 2464 conantur,
520 2394 598 2468 prius
614 2413 677 2452 oras
692 2395 799 2470 pocula
812 2396 922 2452 circum

188 2484 361 2558 contingunt
374 2484 466 2541 mellis
481 2485 558 2541 dulci
573 2484 706 2559 flavoque
721 2486 840 2559 liquore,

186 2583 219 2630 ut
232 2592 390 2648 puerorum
404 2584 482 2632 aetas
496 2574 648 2649 inprovida
662 2575 826 2633 ludificetur

186 2663 331 2721 labrorum
346 2677 439 2732 tenus
455 2665 566 2722 interea
580 2676 715 2740 perpotet
730 2685 861 2724 amarum
1063 2685 1090 2738 15

186 2754 311 2811 absinthi
324 2755 441 2810 laticem
455 2754 640 2830 deceptaque
655 2775 715 2813 non
730 2758 868 2831 capiatur,
931 2760 932 2763 ’

86 2915 87 2919 ¹
186 2844 239 2901 sed
254 2845 350 2919 potius
364 2845 413 2901 tali
427 2855 516 2919 pacto
530 2855 658 2902 recreata
672 2846 808 2916 valescat,

186 2935 227 2991 sic
242 2952 297 3008 ego
312 2952 399 3004 nunc,
415 2931 554 3009 quoniam
568 2935 641 2992 haec
655 2937 727 2992 ratio
742 2936 913 3010 plerumque
928 2934 1041 2993 videtur

185 3025 291 3082 tristior
305 3043 368 3082 esse
384 3026 489 3099 quibus
504 3044 563 3083 non
579 3035 622 3082 est
636 3034 765 3097 tractata,
781 3035 916 3100 retroque

184 3115 286 3189 volgus
300 3116 436 3203 abhorret
450 3117 487 3174 ab
502 3116 565 3185 hac,
580 3116 657 3173 volui
672 3116 722 3174 tibi
736 3116 947 3189 suaviloquenti
1060 3137 1091 3172 20

184 3206 313 3263 carmine
329 3207 422 3264 Pierio
437 3207 578 3263 rationem
593 3224 739 3281 exponere
754 3216 882 3264 nostram

185 3304 215 3353 et
228 3298 310 3371 quasi
325 3315 444 3355 musaeo
460 3296 537 3354 dulci
552 3297 719 3372 contingere
734 3298 828 3369 melle,

124 3430 127 3435 .
153 3458 156 3463 Ι
185 3386 209 3443 si
223 3388 275 3446 tibi
288 3388 361 3446 sorte
376 3389 504 3446 animum
520 3387 567 3444 tali
581 3387 692 3445 ratione
707 3397 806 3444 tenere
