2498 3894
127 223 185 292 152
462 224 693 278 LUCRETIUS
973 223 1027 295 [V.

121 383 192 442 inde
206 384 293 441 alium
308 384 497 459 suprafluere
511 393 599 458 atque
613 382 766 442 intendere
780 382 887 442 eodem

122 492 182 549 quo
195 474 339 532 volvenda
354 475 464 531 micant
478 475 592 532 aeterni·
601 474 696 532 sidera
710 474 832 546 mundi3

122 574 171 621 aut
184 564 272 621 alium
286 574 396 639 supter,
411 574 514 622 contra
527 565 577 639 qui
591 565 732 623 subvehat
746 565 858 635 orbem,
977 581 1029 638 515

121 664 153 712 ut
168 654 269 712 fluvios
283 672 395 712 versare
409 665 486 713 rotas
500 665 587 728 atque
601 654 718 712 haustra
731 653 873 714 videmus.

121 754 166 801 est
180 745 267 801 etiam
281 763 400 819 quoque
415 745 456 802 uti
470 745 561 819 possit
574 744 688 802 caelum
702 743 790 802 omne
805 761 922 802 manere

121 835 151 891 in
165 835 300 904 statione,
315 845 414 892 tamen
428 853 496 892 cum
510 834 609 892 lucida
622 836 704 909 signa
717 835 862 907 ferantur,

124 925 182 982 sive
198 924 280 998 quod
294 925 397 982 inclusi
410 925 503 999 rapidi
517 934 584 982 sunt
597 925 722 982 aetheris
736 935 832 983 aestus

123 1024 355 1090 quaerentesque
369 1015 446 1072 viam
460 1015 571 1072 circum
585 1025 735 1072 versantur
748 1025 778 1072 et
791 1015 872 1090 ignes
979 1033 1030 1086 5²0

120 1105 229 1179 passim
246 1123 298 1178 per
312 1105 384 1161 caeli
399 1105 518 1162 volvunt
532 1105 700 1163 Summania
714 1105 841 1179 templa;

72 1192 74 1196 ’
121 1195 181 1252 sive
195 1195 313 1252 aliunde
329 1195 420 1252 fluens
437 1194 572 1251 alicunde
587 1195 766 1253 extrinsecus
780 1196 829 1252 aer

119 1294 214 1343 versat
228 1303 317 1359 agens
333 1286 426 1359 ignis3
447 1285 505 1342 sive
521 1285 575 1359 ipsi
589 1303 704 1359 serpere
719 1294 841 1360 possunt

120 1393 180 1450 quo
195 1375 336 1449 cuiusque
352 1375 433 1432 cibus
447 1384 533 1432 vocat
546 1384 633 1448 atque
648 1375 749 1433 invitat
763 1376 866 1446 euntiS,

120 1465 256 1522 flammea
269 1482 322 1539 per
336 1465 449 1522 caelum
466 1465 613 1539 pascentis
628 1482 752 1540 corpora
767 1466 883 1539 passim.
980 1483 1029 1536 525

120 1573 189 1612 nam
204 1554 275 1629 quid
289 1555 319 1612 iu
333 1554 390 1612 hoc
405 1554 516 1611 mundo
531 1555 567 1612 sit
581 1571 681 1611 eorum
696 1572 808 1628 ponere
823 1565 938 1613 certum

122 1644 239 1701 difficile
255 1655 317 1716 est;
340 1644 393 1702 sed
408 1644 478 1719 quid
493 1645 584 1719 possit
598 1645 706 1718 fiatque
719 1663 773 1720 per
787 1663 875 1704 omne

122 1735 154 1791 in
167 1735 250 1792 variis
266 1735 382 1792 mundis
396 1735 474 1792 varia
486 1735 597 1792 ratione
612 1735 723 1806 creatiS,

121 1823 152 1881 id
167 1824 263 1882 doceo
277 1825 424 1899 plurisque
439 1843 545 1899 sequor
559 1824 715 1898 disponere
730 1843 841 1895 causas,

120 1915 247 1973 motibus
261 1925 402 1971 astrorum
417 1933 491 1989 quae
506 1915 618 1989 possint
632 1933 695 1972 esse
709 1934 763 1990 per
777 1933 865 1973 omne
877 1935 885 1986 3
976 1933 1026 1986 530

122 2022 138 2062 e
154 2005 258 2078 quibus
273 2023 332 2061 una
345 2015 441 2062 tamen
458 2006 494 2062 sit
507 2005 536 2061 in
551 2005 608 2061 hoc
622 2023 741 2079 quoque
756 2024 843 2062 causa
857 2016 1005 2063 necessest

120 2113 195 2170 quae
209 2103 315 2168 vegeat
330 2105 444 2151 motum
460 2096 568 2168 signis,
591 2095 643 2152 sed
658 2114 733 2169 quae
749 2097 785 2153 sit
799 2114 899 2152 earum

120 2185 287 2260 praecipere
304 2185 546 2258 hautquaquamst
560 2184 752 2258 pedetemtim
766 2183 1005 2263 progredientis]

160 2276 307 2347 Terraque
323 2284 354 2331 ut
368 2276 397 2330 in
412 2275 510 2332 media
518 2274 626 2359 'mundi
639 2277 759 2350 regione
779 2276 919 2349 quiescat,

120 2381 292 2422 evanescere
307 2365 444 2438 paulatim
460 2374 489 2421 et
503 2364 673 2423 decrescere
688 2364 804 2440 pondus
980 2383 1027 2435 535

119 2454 265 2525 convenit,
281 2463 368 2528 atque
383 2454 467 2511 aliam
482 2467 614 2512 naturam
630 2467 728 2529 supter
743 2455 849 2513 habere

120 2563 156 2602 ex
170 2546 288 2603 ineunte
303 2563 377 2601 aevo
392 2545 579 2602 coniunctam
594 2555 682 2619 atque
697 2546 793 2602 uniter
807 2554 905 2619 aptam

118 2636 247 2710 partibus
261 2635 343 2692 a'eriis
359 2628 461 2692 mundi
476 2637 580 2710 quibus
595 2636 680 2693 insita
694 2637 771 2694 vivit.

119 2734 274 2799 propterea
287 2743 346 2781 non
363 2735 406 2782 est
421 2726 505 2782 oneri
519 2744 618 2800 neque
633 2726 769 2799 deprimit
783 2743 865 2781 auras
877 2744 884 2796 ;

119 2824 151 2872 ut
165 2833 217 2871 sua
231 2815 336 2887 cuique
352 2814 464 2871 homini
478 2816 557 2873 nullo
572 2826 638 2873 sunt
653 2814 784 2890 pondere
799 2815 930 2872 membra
979 2833 1029 2885 540

119 2921 175 2960 nec
189 2914 276 2978 caput
291 2914 335 2961 est
349 2906 431 2962 oneri
446 2906 522 2963 collo
537 2925 593 2962 nec
608 2906 735 2978 denique
751 2914 846 2961 totum

120 2995 251 3068 corporis
266 2995 295 3050 in
313 2994 438 3068 pedibus
453 2996 570 3070 pondus
586 2997 725 3053 sentimus
741 2995 856 3064 inesse;

119 3093 148 3140 at
162 3102 368 3158 quaecumque
383 3086 451 3143 ioris
465 3087 586 3144 veniunt
601 3086 774 3159 inpostaque
789 3083 875 3141 nobis

118 3172 251 3247 pondera
265 3185 331 3232 sunt
345 3175 474 3246 laedunt,
489 3176 639 3250 permulto
654 3192 742 3248 saepe
757 3174 879 3231 minora.

118 3263 301 3338 usqueadeo
317 3267 413 3340 magni
427 3267 514 3323 refert
528 3265 599 3340 quid
614 3282 747 3340 quaeque
762 3265 850 3322 obeat
863 3280 918 3321 res.
976 3282 1025 3336 545

121 3352 163 3412 sic
179 3355 263 3430 igitur
277 3356 360 3413 tellus
375 3375 435 3413 non
450 3367 494 3413 est
508 3357 601 3413 aliena
615 3364 735 3430 repente

120 3445 204 3502 allata
217 3455 304 3519 atque
320 3446 397 3504 auris
411 3446 529 3503 aliunde
544 3446 660 3504 obiecta
673 3445 784 3515 alienis,
