2498 3894
129 204 184 276 ῙΙ.]
367 204 421 256 DE
448 204 595 258 RERUM
622 204 794 259 NATURA

126 373 304 440 quapropter
316 363 419 422 merito
434 373 596 422 maternum
610 381 720 422 nomen
733 363 842 440 adepta
854 374 907 424 est.

126 453 205 512 cedit
218 454 289 512 item
302 463 388 525 ret10‚
402 453 441 512 de
455 461 530 511 terra
543 453 624 527 quod
638 454 691 511 fuit
704 464 781 527 ante,

124 544 156 602 iu
170 553 267 615 terras,
282 553 312 602 et
325 541 407 618 quod
420 543 566 601 missumst
579 561 616 600 ex
630 543 753 602 aetheris
767 545 834 617 oris,
966 565 1028 602 1000

125 634 157 692 id
170 652 282 692 rursum
293 633 366 691 caeli
378 633 509 691 rellatum
523 633 632 708 templa
645 644 805 709 receptant

123 741 181 782 nec
194 725 237 782 sic
251 724 395 782 interemit
408 741 487 781 mors
499 741 546 781 res
559 732 591 781 ut
605 725 735 782 materiai

125 831 248 888 corpora
260 814 407 885 conficiat,
422 813 476 871 sed
490 822 607 871 coetum
621 814 752 890 dissupat
766 814 838 887 ollis,

124 903 193 961 inde
208 903 269 962 aliis
282 902 361 961 aliud
376 904 544 979 coniungit3
565 913 595 961 et
609 904 669 963 effit
682 914 715 962 ut
728 923 831 963 omnes

124 1011 170 1052 res
184 994 224 1051 ita
237 1002 408 1052 convertant
421 995 527 1052 formas
542 1003 713 1069 mutentque
728 996 841 1054 colores
962 1013 1023 1068 1005

124 1091 155 1140 et
168 1084 286 1159 capiant
298 1101 399 1142 sensus
414 1093 444 1141 et
457 1093 568 1159 puncto
582 1093 714 1159 tempore
728 1084 874 1158 reddant3

123 1182 156 1232 ut
169 1191 274 1232 noscas
288 1174 393 1232 referre
407 1173 513 1231 eadem
527 1174 686 1249 primordia
699 1193 794 1233 rerum

124 1281 192 1321 cum
207 1265 312 1338 quibus
326 1273 356 1322 et
370 1264 447 1340 quali
461 1265 590 1339 positura
604 1265 810 1323 contineantur

123 1362 153 1411 et
167 1372 241 1429 quos
256 1355 331 1413 inter
344 1371 376 1412 se
390 1353 462 1412 dent
475 1364 573 1413 motus
588 1355 802 1429 accipiantque,

122 1461 196 1501 neve
210 1453 296 1519 putes
310 1453 428 1502 aeterna
441 1461 533 1518 penes
546 1444 672 1502 residere
687 1454 804 1519 potesse
965 1463 1027 1501 1010

122 1552 247 1609 corpora
260 1535 353 1610 prima
366 1532 448 1609 quod
462 1534 491 1592 in
506 1534 626 1592 summis
640 1535 750 1592 fluitare
764 1533 898 1592 videmus

120 1624 206 1682 rebus
221 1635 251 1683 et
265 1624 410 1683 interdum
425 1624 506 1682 nasci
520 1625 675 1699 subitoque
690 1624 793 1698 perire.

121 1715 192 1788 quin
206 1716 295 1773 etiam
308 1716 395 1773 refert
408 1715 513 1773 nostris
526 1715 557 1772 in
571 1715 699 1772 versibus
714 1715 783 1789 ipsis

121 1822 188 1862 cum
203 1806 309 1879 quibus
323 1814 353 1864 et
367 1805 444 1880 quali
458 1805 516 1863 sint
529 1804 632 1862 ordine
647 1822 781 1879 quaeque
795 1804 902 1863 locata.

119 1894 218 1952 sinon
231 1896 331 1953 omnia
343 1904 419 1968 sunt,
434 1904 464 1952 at
476 1896 569 1952 multo
583 1896 709 1952 maxima
723 1912 789 1968 pars
804 1904 848 1953 est
964 1917 1025 1963 1017
1113 1921 1115 1925 >

119 1985 296 2059 consimilis3
316 2004 417 2044 verum
431 1985 561 2059 positura
575 1983 763 2059 discrepitant
775 2003 831 2043 res.

119 2074 162 2131 sic
176 2075 245 2150 ipsis
259 2076 289 2133 in
303 2076 389 2134 rebus
403 2075 473 2132 item
489 2075 545 2132 iarn
560 2075 691 2132 materiai

120 2182 279 2223 concursus
295 2175 391 2224 motus
405 2165 479 2225 ordo
494 2165 623 2240 positura
636 2165 745 2240 figurae
962 2187 1021 2222 1021

120 2271 189 2312 cum
202 2265 412 2331 permutantur,
427 2256 531 2313 mutari
545 2273 590 2313 res
604 2273 722 2330 quoque
738 2254 858 2314 debent.

164 2347 253 2405 Nunc
266 2348 397 2405 animum
409 2346 494 2404 nobis
509 2345 617 2403 adhibe
630 2364 728 2403 veram
744 2344 782 2402 ad
795 2346 949 2406 rationem.

118 2457 189 2498 nam
202 2437 255 2496 tibi
268 2445 418 2494 vementer
431 2453 507 2494 nova
519 2453 565 2493 res
579 2436 695 2494 molitur
709 2434 748 2493 ad
762 2436 838 2493 auris

119 2527 262 2589 accedere
277 2536 308 2585 et
321 2544 398 2584 nova
411 2544 442 2584 se
457 2526 570 2600 species
585 2525 742 2584 ostendere
757 2543 863 2584 rerum.
964 2547 1024 2600 1025

119 2619 174 2680 sed
187 2635 285 2692 neque
298 2625 359 2674 tam
373 2616 463 2673 facilis
476 2633 522 2674 res
536 2616 594 2672 ulla
607 2625 652 2673 est
665 2615 737 2690 quin
751 2633 787 2672 ea
800 2616 928 2690 primum

119 2708 244 2768 difficilis
259 2708 350 2782 magis
364 2704 403 2764 ad
417 2705 599 2763 credendum
614 2714 737 2777 constet,
753 2706 883 2780 itemque

118 2799 160 2857 nil
173 2797 250 2855 adeo
265 2815 403 2872 magnum
418 2813 515 2870 neque
530 2805 589 2852 tam
603 2796 733 2853 mirabile
748 2795 917 2870 quicquam,

119 2886 202 2963 quod
215 2904 277 2944 non
289 2886 429 2962 paulatim
444 2886 559 2943 mittant
573 2885 701 2942 mirarier
716 2902 828 2943 omnes.

119 2976 261 3052 suspicito
274 2976 350 3034 coeli
363 2976 472 3033 ciarum
485 2992 649 3050 purumque
664 2976 803 3045 colorem,
961 2995 1025 3047 1030

118 3081 256 3143 quaeque
270 3064 302 3123 in
315 3082 347 3125 se
362 3066 490 3136 cohibet,
505 3065 633 3140 palantia
646 3063 741 3122 sidera
754 3064 872 3139 passim,

118 3159 279 3234 lunamque
294 3165 324 3215 et
336 3155 404 3215 solis
418 3155 565 3231 praeclara
579 3155 645 3213 luce
658 3154 783 3212 nitorem
794 3174 804 3226 ;

120 3249 221 3308 omnia
233 3263 309 3323 quae
322 3263 402 3304 nunc
416 3245 441 3303 si
452 3245 579 3320 primum
593 3244 762 3302 mortalibus
778 3253 885 3318 essent,

121 3356 159 3397 ex
172 3337 319 3412 inproviso
333 3336 358 3395 si
370 3353 449 3392 nunc
463 3335 580 3393 obiecta
593 3343 723 3410 repente,

121 3425 194 3504 quid
208 3426 299 3502 magis
313 3426 357 3484 his
370 3426 456 3484 rebus
471 3433 585 3500 poterat
599 3423 729 3482 mirabile
743 3423 804 3482 dici
962 3440 1023 3495 ¹035
