2498 3894
151 153 189 222 1.]
386 150 442 205 DE
468 149 614 226 RERUM
642 149 814 203 NATURA
1012 149 1051 214 25

148 317 214 372 ossa
226 313 277 373 vid
295 314 364 372 licet
378 331 395 371 e
409 312 541 388 pauxillis
556 321 643 385 atque
657 311 776 369 minutis
1003 319 1052 383 835

148 396 262 464 o‘ssibus
276 332 324 462 lb}
339 403 421 462 etde
436 404 568 478 pauxillis
582 413 669 476 atque
685 402 802 460 minutis

148 496 304 554 visceribus
318 473 414 552 vis’dns
428 495 507 568 gigni
517 510 707 567 sanguenque
722 493 812 550 creari

148 586 295 661 sanguinis
309 586 383 642 inter
396 602 427 641 se
442 584 539 640 multis
553 584 721 640 coeuntibu'
736 584 824 657 guttis

148 694 186 733 ex
199 676 318 749 aurique
334 684 417 750 putat
430 674 513 731 micis
527 674 687 731 consistere
702 674 790 748 posse

148 784 250 823 aurum
264 775 294 822 et
308 765 346 822 de
360 765 441 821 terris
455 773 561 821 terram
575 782 766 820 concrescere
781 763 885 838 parviS,
1004 771 1054 831 840

148 856 262 931 ignibus
276 873 313 912 ex
330 855 412 929 ignis,
427 872 561 911 umorem
572 853 722 912 umoribus
736 871 810 925 esse3

148 956 247 1003 cetera
260 945 402 1002 consimili
417 944 499 1019 fingit
512 944 624 1002 ratione
638 953 789 1018 putatque.

148 1053 204 1093 nec
218 1046 317 1093 tamen
332 1053 396 1092 esse
411 1035 467 1091 ulla
481 1043 561 1109 parte
576 1033 656 1091 idem
671 1034 701 1091 in
715 1035 802 1092 rebus
816 1033 902 1091 inane

148 1125 288 1183 concedit
300 1142 397 1199 neque
412 1125 583 1198 corporibus
597 1124 686 1181 finem
701 1142 765 1181 esse
779 1123 923 1182 secandis,

148 1233 237 1291 quare
252 1217 282 1272 in
297 1225 418 1289 utraque
432 1215 504 1271 mihi
517 1215 624 1289 pariter
637 1215 749 1272 ratione
763 1213 878 1271 videtur
1004 1221 1051 1285 845

148 1324 241 1364 errare
255 1316 343 1380 atque
357 1305 405 1377 illi,
420 1323 507 1379 supra
521 1323 595 1378 quos
609 1304 735 1361 diximus
749 1314 827 1362 ante.

148 1394 226 1454 adde
240 1395 322 1471 quod
336 1396 471 1453 inbecilla
484 1395 569 1452 nimis
583 1393 742 1469 primordia
755 1395 838 1470 lingit
848 1411 904 1466 ;··

47 1497 52 1505 “
148 1487 173 1544 si
185 1486 344 1562 primordia
358 1494 434 1557 sunt,
449 1485 533 1543 simili
547 1502 623 1558 quae
637 1484 768 1559 praedita
782 1493 918 1543 constant
1061 1553 1063 1557 Ι

147 1587 249 1634 natura
263 1587 350 1650 atque
365 1577 445 1650 ipsae
459 1593 504 1633 res
519 1584 592 1655 sunt,
600 1593 753 1649 aequeque
768 1576 917 1633 laborante
973 1560 1061 1649 >W
1141 1602 1150 1647 l

149 1676 178 1725 et
191 1677 315 1742 pereunt
328 1643 425 1740 neqbe
440 1666 478 1723 ab
493 1666 581 1723 exitio
595 1684 641 1723 res
656 1666 713 1722 ulla
726 1666 859 1723 refrenat.
970 1685 979 1706 ¹
1021 1685 1054 1737 50
1089 1650 1223 1761 Μ

147 1756 301 1832 namquid
316 1757 346 1814 in
359 1773 503 1831 oppressu
517 1754 614 1815 valido
628 1755 743 1814 durabit
757 1775 869 1827 eorum,
895 1774 1006 1860 su..
1042 1750 1148 1812 W*
1246 1820 1248 1822 v

148 1858 181 1905 ut
193 1857 318 1905 mortem
332 1846 458 1921 effugiat,
473 1847 523 1904 leti
537 1846 592 1904 sub
607 1845 743 1904 dentibus
758 1847 849 1921 ipsis?
926 1830 996 1892 ιι
1067 1790 1220 1909 ἄξω

148 1938 221 2014 ignis
235 1956 273 1995 an
287 1955 371 1994 umor
385 1956 423 1994 an
436 1937 526 1995 aura?
542 1935 614 2011 quid
629 1937 754 1995 horum?
772 1955 903 2012 sanguen
916 1956 955 1996 un
969 1956 1035 1996 ossa
1183 1926 1235 1980 θ’

148 2030 197 2101 nil,
211 2038 244 2086 ut
257 2028 370 2103 opinor,
385 2028 435 2086 ubi
449 2045 487 2084 ex
500 2045 596 2101 aequo
609 2044 655 2085 res
669 2026 798 2111 funditus
812 2028 907 2085 omnis
1230 2016 1236 2036 '

147 2129 208 2178 tam
223 2119 351 2177 mortalis
366 2119 419 2176 erit
433 2135 520 2192 quam
535 2135 611 2192 quae
625 2116 779 2175 manifesta
791 2117 925 2176 videmus
1006 2126 1052 2188 855

140 2220 185 2269 ΩΧ
198 2210 291 2269 oculis
305 2209 410 2267 nostris
425 2208 521 2282 aliqua
533 2208 562 2265 vi
575 2208 653 2266 victa
666 2209 770 2283 perire.

147 2309 177 2358 at
190 2318 287 2375 neque
301 2299 450 2357 reccidere
465 2298 503 2356 ad
517 2299 607 2357 nilum
621 2317 667 2356 res
681 2316 768 2373 posse
783 2316 880 2373 neque
895 2309 992 2357 autern

147 2409 278 2448 crescere
293 2389 332 2448 de
346 2390 406 2448 nilo
421 2399 513 2448 testor
524 2407 571 2448 res
585 2398 652 2447 ante
666 2389 813 2464 probatas.

10 2460 297 2565 sffmeterea
310 2481 450 2555 quoniam
464 2481 547 2539 cibus
562 2490 648 2555 auget
663 2497 770 2555 corpus
784 2479 902 2554 alitque,

23 2572 220 2630 κἻάκ
234 2571 400 2652 licetqobis
413 2589 503 2646 venas
517 2580 547 2628 et
561 2588 691 2646 sanguen
704 2579 734 2628 et
748 2587 815 2628 ossa
869 2587 936 2697 ἰὼ
975 2542 1056 2626 '7860
1154 2566 1248 2666 sp

12 2661 66 2745 ¹e¹
133 2658 271 2717 dmm
289 2634 463 2740 damma
488 2642 673 2732 32ssqu
689 2640 824 2719 ωαχ.
855 2676 875 2751 Ι,
934 2590 1152 2748 ηΐῖωῆ
1190 2623 1239 2715 β]

53 2818 58 2827 ,
147 2752 208 2810 sive
223 2751 306 2810 cibos
321 2751 416 2810 omnis
431 2751 593 2809 commixto
608 2768 732 2826 corpore
747 2749 849 2808 dicent
888 2774 937 2800 κ
950 2755 966 2778 “

42 2908 50 2915 ,
72 2830 77 2837 ’
148 2860 212 2900 esse
226 2850 257 2899 et
271 2841 377 2900 habere
392 2841 422 2899 in
437 2859 468 2899 se
483 2859 638 2900 nervomm
654 2859 778 2916 corpora
793 2859 882 2916 parva

39 2932 63 2985 ἰ
148 2949 274 3006 ossaque
288 2940 318 2989 et
332 2932 453 2990 omnino
466 2950 556 2990 venas
571 2932 718 3007 partisque
735 2932 854 3002 cruoris,
1036 2965 1043 2979 ι

147 3022 200 3081 fiet
213 3023 256 3080 uti
269 3022 351 3081 cibus
365 3022 470 3094 omniS,
486 3031 516 3080 et
526 2995 667 3100 aridliqet
681 3023 776 3098 liquor
790 3024 862 3098 ipse,
945 3055 970 3100 g
999 2965 1149 3065 “sta‘'

149 3130 187 3171 ex
200 3091 368 3188 aliebigenis
381 3112 468 3171 rebus
483 3122 616 3171 constare
631 3121 757 3188 putetur,
896 3127 903 3134 ”
1008 3118 1041 3169 86

78 3203 263 3291 “ossibus
277 3203 415 3262 et-nervis
429 3203 567 3278 sanieque
583 3212 613 3261 et
626 3203 766 3278 sanguine
781 3203 883 3260 mixto.
1199 3230 1212 3263 r

149 3302 300 3368 praeterea
313 3310 516 3368 quaecumque
531 3311 549 3352 e
563 3303 638 3351 terra
651 3311 776 3367 corpora
790 3302 926 3350 crescunt
1238 3281 1249 3325 ⁴

150 3382 255 3442 sisunt
268 3383 299 3441 in
312 3384 403 3455 terris,
417 3392 523 3442 terram
537 3393 672 3442 constare
686 3393 836 3441 necessest
1151 3353 1219 3444 »Ᾰῑ
1234 3410 1239 3423 ·

1159 1563 1227 1598 αμ-

911 3657 1174 3835 sm.

10 3652 511 3869 &fastam
541 3661 901 3850 ‘hym
