2498 3894
10 793 48 888 ,a

13 1276 28 1294 ἢ

10 1321 34 1354 ’ἱ

109 220 146 292 1.]
348 221 403 274 DE
429 222 577 275 RERUM
604 222 776 276 NATURA
977 223 1015 288 17
1146 250 1164 266 .

105 388 138 438 ut
151 379 192 437 nil
205 397 243 438 ex
256 379 310 438 illis
324 397 342 438 a
355 287 892 531 cdrtofflpompnsselllff}
904 271 1196 459 ‘stulti‘

857 481 928 530 tum·
965 491 1011 544 555
1171 524 1177 541 2

105 479 445 575 conceptunaeummum
460 472 561 529 aetatis
575 471 734 547 pervadere
748 491 766 529 a

105 557 175 618 nam
188 559 303 634 quiduis
316 561 401 620 citius
415 561 532 618 dissolvi
545 579 632 635 posse
646 561 797 645 videmusx

106 669 194 724 quam
208 669 304 708 rursus
317 650 417 724 refici;
438 661 616 726 quapropter
629 652 715 727 longa
730 634 822 715 diet!
879 606 1246 803 &diff

105 741 217 798 infinita
230 725 309 798 aetb‘s
323 741 450 799 anteacti
464 742 604 816 temporis
619 743 715 800 omnis

31 870 41 903 ,
106 804 187 904 qubd
201 831 442 913 fregisset,adhuc
456 830 620 889 disturbans
635 830 867 909 dissoluensque,

10 869 85 1011 ffb
104 939 266 995 numquam
279 921 388 980 relicuo
402 922 529 995 reparari
542 930 675 996 ternpore
690 933 798 998 posset.
966 930 1014 995 560
1078 959 1088 983 t

14 1004 58 1070 's'
105 1021 135 1069 at
149 1029 227 1068 nunc
241 1011 376 1069 nimirum
391 1011 542 1087 frangendi
556 997 671 1070 redditi
684 1013 750 1071 finis
922 1010 1032 1080 ω’νλι
1179 940 1244 1150 [5

10 1078 83 1177 [λη
105 1111 186 1159 certa
199 1073 306 1174 mallet,
322 1103 462 1175 quoniam
475 1101 556 1159 refici
569 1120 632 1160 rem
646 1121 793 1179 quamque
809 1103 941 1162 videmus
965 1082 1127 1233 sm)

106 1201 135 1250 et
149 1193 231 1249 finita
244 1192 328 1249 simul
343 1192 504 1302 generatppr
518 1202 651 1268 tempora
664 1195 751 1252 rebus

105 1260 191 1354 stdre,
205 1282 310 1356 quibus
323 1283 435 1357 possint
449 1282 513 1340 aevi
526 1283 695 1358 contingere
710 1284 820 1343 florem.
964 1277 1027 1343 «Χῖ

10 1372 164 1444 rm‘huc
178 1372 293 1430 accedit
306 1373 357 1445 uti,
372 1373 545 1432 solidissima
559 1374 689 1433 materiai
965 1381 1012 1444 565

10 1501 34 1559 4
48 1477 84 1524 01
105 1481 235 1547 corpora
243 1482 311 1521 cum
325 1473 470 1535 constant,
484 1465 576 1539 possit
590 1474 698 1536 tamen,
712 1466 820 1538 omnia,
836 1430 969 1536 fekddip..
978 1430 1198 1548 deff,

10 1635 39 1776 7

105 1548 293 1639 mollissquae
303 1551 393 1626 fiunt,
408 1554 457 1611 aer
470 1572 547 1629 aqua
560 1564 635 1612 terra
648 1574 779 1630 vapores,
962 1545 1186 1636 asemel)

56 1648 63 1663 ⁴
105 1662 166 1720 quo
180 1653 269 1719 pacto
283 1640 353 1701 fiant
368 1652 397 1701 et
412 1645 512 1718 quavi
526 1663 660 1720 quaeque
675 1657 819 1720 gerantur,
967 1633 1188 1776 ‘fibla‘
1216 1668 1231 1684 ¹

105 1734 267 1792 admixtum
283 1734 424 1808 quoniam
438 1735 528 1792 semel
543 1744 587 1794 est
601 1736 631 1793 in
645 1737 730 1794 rebus
745 1737 841 1794 inane.

105 1834 136 1882 at
148 1834 252 1884 contra
264 1825 289 1882 si
302 1824 400 1882 mollia
413 1825 470 1883 sint
483 1825 641 1899 primordia
654 1845 759 1898 rerum,
966 1846 1014 1896 570

105 1913 186 1973 unde
200 1924 309 1990 queant
322 1913 410 1972 valrdr
423 1915 518 1973 srhces
532 1917 697 1991 ferrumque
712 1935 803 1974 creari
993 1938 1173 2051 91sp
1187 1920 1246 2012 st!

105 2023 167 2062 non
180 2005 287 2080 poterit
299 2005 374 2063 ratio
386 2003 490 2077 reddi;
512 2023 580 2062 nam
594 1989 723 2064 funditils
737 2007 833 2066 omnis
914 2003 973 2056 Η·

106 2095 249 2170 principio
264 2094 443 2152 fundament¹
575 2097 692 2177 carebit.
977 2115 1041 2208 ss

106 2194 173 2243 sunt
187 2185 272 2260 igitur
285 2105 728 2261 solidffcnllliatll‘impficiute
817 2140 962 2314 ΨΥ
1040 2179 1046 2191 '
1065 2183 1202 2276 eds*
1224 2163 1231 2182 ⁸

106 2293 232 2352 quorum
246 2256 397 2335 conddbso
412 2276 504 2351 magis
517 2277 617 2334 omnia
630 2254 787 2336 conciliiltu
936 2215 1064 2347 (Ψ

106 2365 191 2425 artari
204 2375 327 2440 possunt
340 2365 507 2441 validasque
522 2366 676 2425 ostendere
690 2368 766 2427 viris.
1020 2394 1023 2401 ,
1119 2410 1124 2419 .
1141 2410 1205 2449 .·.·-,

147 2457 237 2514 Porro
252 2455 276 2514 si
289 2456 393 2513 nullast
407 2455 572 2530 frangendis
586 2456 701 2515 reddita
714 2458 779 2516 finis
931 2458 986 2519 aff
1071 2444 1107 2486 ¹⁵²
1149 2436 1211 2493 “³²³⁸

106 2547 287 2624 corporibus,
302 2555 400 2604 tamen
415 2564 452 2603 ex
465 2556 584 2605 aeterno
599 2558 731 2622 tempore
746 2567 879 2624 quaeque
1079 2550 1102 2563 ''

106 2658 187 2699 nunc
201 2640 288 2699 etiam
303 2656 437 2714 superare
451 2647 599 2702 necessest
612 2655 736 2712 corpora
748 2639 842 2709 rebus

107 2749 184 2806 quae
197 2729 331 2788 nondum
346 2729 461 2786 clueant
475 2727 533 2785 ullo
547 2736 689 2803 temptata
702 2729 821 2802 periclo.
965 2737 1014 2799 580

108 2830 138 2880 at
151 2820 291 2895 quoniam
305 2819 393 2894 fragili
408 2829 511 2876 natura
524 2816 656 2893 praedita
669 2828 811 2889 constant,
847 2871 850 2877 .

108 2909 256 2986 discrepat
269 2919 418 2968 aeternum
433 2919 548 2984 tempus
563 2908 692 2984 potuisse
706 2926 823 2966 manere

108 3000 364 3060 innumerabilibus
378 3000 470 3076 plagis
482 3009 587 3057 vexata
600 3017 654 3073 per
667 3015 780 3057 aevom.

108 3089 236 3167 denique
251 3091 309 3149 iam
323 3091 462 3166 quoniam
476 3090 635 3165 generatim
649 3088 763 3147 reddita
777 3089 842 3147 finis

103 3180 263 3267 gescendi
275 3181 361 3240 rebus
375 3189 488 3238 constat
501 3181 648 3256 vitamque
663 3179 793 3249 tenendi,
963 3190 1010 3252 585

97 3268 140 3333 *et
153 3270 225 3348 quid
240 3290 374 3347 quaeque
389 3279 498 3346 queant
511 3288 564 3346 per
577 3270 696 3329 foedera
710 3270 829 3339 naturai,

97 3334 182 3443 {quid
195 3380 283 3438 porro
298 3371 453 3437 nequeant,
469 3362 611 3419 sancitum
626 3359 866 3435 quandoquidem
881 3370 969 3432 extat,

110 3470 167 3512 nec
180 3451 375 3512 commutatur
388 3452 554 3527 quicquam,
570 3452 640 3527 quin
654 3452 753 3509 omnia
768 3460 903 3508 constant

555 3554 569 3589 2
