2498 3894
379 657 413 716 a.
437 624 627 719 inormi
655 657 759 720 olai

263 858 341 933 DE
383 859 591 936 RERUM
630 860 876 937 NATURA

414 1082 536 1136 LIBER
560 1083 727 1138 SEXTUS.

528 1241 630 1276 ..0-

118 1370 232 1430 Primae
247 1371 406 1448 frugiparos
420 1373 495 1431 fetus
508 1373 677 1432 mortalibus
691 1373 784 1450 aegris

118 1461 287 1521 dididerunt
301 1462 452 1538 quondam
464 1464 613 1537 praeclaro
626 1465 747 1522 nomine
760 1464 894 1525 Athenae

117 1563 148 1612 et
160 1563 362 1611 recreaverunt
375 1554 463 1611 vitam
477 1554 614 1628 legesque
628 1563 774 1629 rogarunt,

118 1653 148 1702 et
162 1645 272 1719 primae
287 1642 432 1701 dederunt
447 1643 554 1702 solacia
567 1643 664 1702 dulcia
677 1646 763 1717 vitae,

117 1752 185 1792 cum
199 1752 325 1810 genuere
339 1734 433 1792 virum
447 1733 499 1791 tali
513 1752 581 1790 curn
596 1733 686 1792 corde
700 1745 857 1810 repertum,
1009 1755 1022 1808 5

120 1825 221 1883 omnia
233 1823 363 1882 veridico
377 1823 427 1899 qui
442 1823 591 1899 quondam
606 1842 643 1880 ex
657 1842 707 1882 ore
721 1825 869 1900 profudit3

118 1915 200 1972 cuius
215 1923 245 1972 et
259 1914 379 1972 extincti
393 1923 513 1990 propter
526 1912 623 1972 divina
636 1924 752 1989 reperta

118 2004 264 2080 divolgata
276 2014 360 2062 vetus
374 2004 432 2061 iam
445 2003 484 2062 ad
499 2004 612 2061 caelum
627 2005 718 2079 gloria
730 2005 827 2064 fertur.

117 2113 187 2154 nam
201 2113 270 2153 curn
283 2094 357 2152 vidit
370 2093 418 2152 hic
432 2092 472 2152 ad
485 2095 595 2152 victum
609 2113 685 2169 quae
699 2095 808 2171 flagitat
822 2115 890 2154 usus

118 2186 218 2246 omnia
231 2186 289 2243 iam
303 2184 394 2243 ferme
408 2184 578 2242 mortalibus
592 2203 656 2243 esse
670 2195 773 2260 parata
995 2208 1025 2243 10

118 2286 157 2347 et,
171 2293 313 2350 proquam
327 2283 435 2350 posset,
450 2274 539 2332 vitam
554 2276 711 2333 consistere
726 2285 831 2347 tutam,

118 2365 223 2424 divitiis
237 2365 371 2424 homines
386 2374 416 2423 et
430 2365 542 2424 honore
556 2374 586 2422 et
599 2364 686 2422 laude
701 2366 829 2440 potentis

118 2455 236 2514 affluere
251 2465 339 2530 atque
353 2455 433 2514 bona
446 2464 599 2530 gnatorum
613 2455 755 2514 excellere
769 2457 854 2526 sarna,

117 2563 175 2604 nec
188 2546 284 2604 minus
298 2562 362 2603 esse
376 2544 458 2603 domi
472 2545 609 2620 cuiquam
623 2555 723 2602 tamen
736 2545 822 2602 anxia
836 2543 933 2619 corda,

118 2645 206 2710 atque
220 2635 309 2693 animi
324 2635 440 2709 ingratis
454 2635 543 2692 vitam
558 2652 662 2692 vexare
677 2634 739 2692 sine
753 2634 812 2692 ulla
995 2653 1023 2707 15

118 2743 211 2801 pausa
223 2735 312 2800 atque
325 2725 437 2782 infestis
449 2724 534 2799 cogei
548 2725 658 2782 saevire
672 2724 815 2799 querellis

118 2815 259 2889 intellegit
272 2814 312 2873 ibi
325 2815 427 2872 vitium
440 2832 491 2872 vas
505 2813 621 2872 efficere
635 2815 732 2889 ipsum

119 2905 276 2979 omniaque
291 2904 365 2962 illius
378 2903 449 2963 vitio
463 2905 642 2978 corrumpier
656 2904 733 2962 intus

120 3012 195 3070 quae
209 2995 327 3052 conlata
340 2994 408 3052 foris
422 3003 452 3052 et
465 2993 626 3052 commoda
638 3011 766 3069 cumque
780 2995 932 3068 venirent;

119 3085 223 3160 partim
239 3082 321 3159 quod
335 3085 445 3142 fluxum
458 3094 668 3159 pertusumque
682 3101 746 3141 esse
760 3082 889 3157 videbat,
994 3104 1025 3140 20

118 3185 152 3232 ut
166 3175 244 3233 nulla
257 3184 358 3249 posset
370 3175 483 3232 ratione
498 3175 638 3249 explerier
652 3191 812 3248 umquam3

120 3266 225 3340 partim
240 3263 323 3341 quod
335 3274 429 3323 taetro
443 3265 526 3340 quasi
540 3281 734 3338 conspurcare
749 3280 854 3338 sapore

56 3373 64 3386 ·
121 3356 222 3414 omnia
235 3355 384 3426 cernebat,
399 3371 603 3430 quaecumque
617 3363 776 3430 receperat,
792 3354 878 3413 intus.
