2498 3894
123 211 189 282 vi]
366 211 421 262 DE
447 211 594 264 RERUM
621 212 794 265 NATURA
969 201 1029 279 183

163 372 217 428 Est
230 371 318 428 etiam
332 370 414 443 ratio,
429 388 498 428 cum
511 371 590 428 venti
604 371 704 429 nubila
717 372 848 446 perflant,

121 471 154 519 ut
168 461 278 520 sonitus
292 460 408 519 faciant.
424 461 534 519 etenim
548 479 662 519 ramosa
675 460 808 520 videmus

121 550 221 609 nubila
234 569 321 625 saepe
336 549 433 610 modis
446 551 543 609 multis
558 561 644 625 atque
659 569 761 626 aspera
775 551 859 624 ferri余

121 641 232 700 scilicet
246 650 287 713 ut,
302 642 433 700 crebram
448 641 549 700 silvam
563 660 631 698 cum
646 641 763 699 flamina
777 641 856 699 cauri
979 659 1023 714 135

121 732 253 808 perflant,
268 731 340 790 dant
354 733 481 790 sonitum
496 722 613 789 frondes
627 732 759 806 ramique
774 733 927 806 fragorem.

120 823 154 880 fit
168 840 287 897 quoque
301 832 334 879 ut
347 821 493 879 interdum
507 821 595 878 validi
610 822 651 879 vis
667 822 756 879 incita
770 823 848 881 venti

120 912 288 988 perscindat
302 912 410 970 nubem
427 911 608 987 perfringens
622 912 731 986 impete
746 922 836 970 recto.

121 1021 190 1060 nam
204 1002 275 1077 quid
290 1003 382 1076 possit
396 1002 436 1060 ibi
451 1002 534 1060 flatus
548 1001 701 1059 manifesta
716 1001 806 1060 docet
819 1021 873 1074 reS,

120 1092 179 1163 hic,
193 1093 244 1150 ubi
258 1093 350 1149 lenior
364 1101 416 1163 est,
432 1092 462 1149 in
476 1101 551 1149 terra
564 1110 633 1149 cum
648 1101 747 1150 tamen
761 1093 818 1150 alta
980 1113 1026 1160 140

120 1183 237 1240 arbusta
251 1183 386 1240 evolvens
400 1181 546 1240 radicibus
560 1181 655 1240 haurit
668 1182 706 1240 ab
720 1183 794 1241 imis,

121 1282 188 1330 sunt
202 1273 290 1330 etiam
304 1273 408 1330 fluctus
421 1290 476 1346 per
488 1273 596 1344 nubila,
611 1273 662 1347 qui
676 1273 758 1347 quasi
772 1290 902 1330 murmur

85 1410 87 1415 .
120 1363 193 1420 dant
206 1364 235 1419 in
250 1362 389 1437 fragendo
404 1363 544 1438 graviter余
567 1363 648 1437 quod
662 1364 732 1420 item
746 1363 779 1420 fit
792 1363 822 1420 in
836 1364 899 1420 altis

119 1452 285 1510 fluminibus
300 1470 466 1527 magnoque
481 1454 562 1525 mari,
577 1454 798 1528 cum'frangitur
812 1462 916 1510 aestus.

119 1543 152 1600 fit
166 1561 295 1618 quoque,
309 1544 360 1600 ubi
375 1561 391 1600 e
406 1544 475 1601 nubi
490 1544 520 1600 in
534 1544 644 1601 nubem
656 1544 699 1602 vis
713 1543 816 1601 incidit
829 1543 935 1601 ardens
979 1561 1023 1615 145

119 1633 255 1704 fulminis,
271 1634 344 1691 haec
358 1634 448 1691 multo
463 1635 486 1691 si
501 1635 574 1691 forte
589 1652 690 1691 umore
704 1634 816 1708 recepit

119 1723 227 1798 ignem,
243 1723 382 1780 continuo
397 1733 428 1780 ut
443 1743 550 1798 magno
565 1725 690 1781 clamore
706 1724 852 1797 trucidet3

119 1823 152 1870 ut
166 1813 265 1870 calidis
280 1813 409 1871 candens
424 1814 529 1871 serrum
545 1833 561 1871 e
577 1814 741 1872 fornacibus
756 1814 826 1871 olim

120 1903 222 1975 stridit,
236 1904 286 1962 ubi
300 1905 329 1961 in
344 1903 473 1979 gelidum
487 1923 612 1979 propere
627 1904 819 1963 demersimus
834 1904 965 1962 imbrem.

119 1992 226 2051 aridior
239 2012 325 2069 porro
340 1995 363 2052 si
377 1995 471 2052 nubes
486 1995 593 2069 accipit
608 1996 715 2069 ignem,
979 2011 1025 2065 150

119 2085 210 2141 uritur
222 2084 334 2159 ingenti
348 2085 443 2143 sonitu
459 2103 600 2142 succensa
614 2096 734 2160 repente
746 2105 755 2157 余

118 2174 294 2234 lauricomos
308 2184 340 2232 ut
354 2176 378 2233 si
392 2193 445 2250 per
459 2176 565 2233 montis
580 2175 698 2232 flamma
710 2184 831 2250 vagetur

118 2266 233 2323 turbine
246 2274 401 2324 ventorum
415 2266 590 2324 comburens
605 2267 714 2340 impete
728 2284 856 2340 magn03

118 2374 175 2413 nee
189 2374 234 2413 res
248 2356 305 2414 ulla
319 2356 410 2430 inagis
425 2374 513 2430 quam
529 2356 641 2414 Phoebi
657 2356 802 2431 Delphica
816 2357 911 2414 laurus

118 2446 235 2504 terribili
250 2447 346 2504 sonitu
362 2446 478 2503 flamma
492 2447 654 2520 crepitante
668 2456 822 2503 crematur.
978 2464 1023 2517 155

119 2535 246 2610 denique
261 2554 348 2611 saepe
362 2537 419 2611 geli
433 2537 539 2594 multus
554 2537 648 2611 fragor
662 2546 750 2611 atque
764 2537 848 2593 ruina

118 2626 266 2700 grandinis
280 2626 311 2683 in
324 2627 436 2701 magnis
451 2627 578 2684 sonitum
592 2626 643 2684 dat
657 2627 782 2684 nubibus
797 2626 864 2684 alte.

117 2725 221 2773 ventus
236 2716 314 2774 enim
329 2736 397 2774 cum
413 2717 561 2788 confercit,
577 2717 755 2792 franguntur,
770 2717 799 2774 in
814 2726 919 2788 artum,

118 2806 249 2863 concreti
263 2817 378 2864 montes
392 2808 558 2865 nimborum
574 2816 603 2865 et
616 2806 758 2882 grandine
773 2807 864 2865 mixti.

159 2896 255 2970 Fulgit
269 2897 348 2969 item,
362 2897 456 2954 nubes
470 2897 543 2971 ignis
558 2915 626 2954 cum
641 2897 753 2965 semina
767 2897 857 2954 multa
979 2905 1026 2952 160

118 3002 271 3044 excussere
286 3006 339 3044 suo
354 3005 517 3060 concursu3
540 3006 595 3044 ceu
610 2986 737 3061 lapidem
753 2988 777 3044 si

119 3076 264 3150 percutiat
277 3076 349 3151 lapis
364 3086 413 3134 aut
427 3079 552 3149 ferrum余
575 3096 644 3135 nam
660 3086 720 3134 turn
736 3095 855 3152 quoque
870 3076 969 3134 lumen

118 3165 199 3222 exilit
213 3175 243 3223 et
257 3166 347 3223 claras
362 3166 498 3224 scintillas
512 3167 634 3241 dissipat
647 3167 729 3242 ignis

118 3253 171 3312 sed
185 3257 324 3314 tonitrum
338 3257 371 3313 fit
385 3257 427 3314 uti
441 3266 508 3331 post
521 3258 637 3315 auribus
651 3256 839 3332 accipiamus

118 3344 226 3420 fulgere
241 3364 329 3420 quam
343 3357 463 3404 cernant
477 3347 563 3416 oculi,
578 3347 647 3421 quia
661 3364 777 3422 semper
791 3346 830 3404 ad
844 3345 920 3403 auris
979 3350 1024 3416 165

118 3435 228 3495 tardius
241 3435 401 3497 adveniunt
415 3455 503 3514 quam
517 3437 610 3496 visum
625 3455 701 3512 quae
716 3446 854 3496 moveant
868 3453 921 3495 res.
