2498 3894
145 227 182 300 1.]
381 222 436 282 DE
461 229 608 282 RERUM
635 229 808 283 NATURA
1007 233 1040 278 11

143 405 231 462 quam
246 387 343 463 genita
356 388 477 446 omnino
491 387 570 445 nulla
582 388 693 445 ratione
707 388 837 459 fuissent,
982 371 991 398 ⁴
1141 281 1228 616 W,

142 477 272 551 undique
287 479 420 535 materies
435 479 574 552 quoniam
589 479 694 553 stipata
707 479 843 552 quiesset.
939 525 957 544 v
997 497 1043 550 345
1185 492 1188 501 ’
1219 491 1234 512 ⁴

141 580 291 642 praeterea
304 569 434 642 quamvis
449 568 559 625 solidae
573 586 618 625 res
633 586 697 625 esse
710 578 857 642 putentur,
930 548 1106 632 Moli
1120 595 1126 610 =
1194 569 1222 602 θ’
1243 589 1249 610 s*

10 681 111 729 mm
142 658 211 715 hinc
224 667 323 715 tamen
334 675 397 715 esse
411 658 479 714 licet
491 631 555 714 ra‘io
570 676 638 714 cum
654 676 777 732 corpore
792 677 908 718 cernas:
1135 653 1245 740 ff

141 749 172 805 in
186 748 260 805 saxis
271 767 305 805 ac
319 749 464 823 speluncis
478 757 630 822 permanat
644 767 785 822 aquarum

141 837 268 911 liquidus
281 856 366 895 umor
379 848 409 896 et
422 838 559 896 uberibus
574 838 643 895 flent
658 841 757 897 omnia
767 840 865 921 guttisj

141 930 262 1005 dissipat
275 931 306 988 in
319 948 425 1005 corpus
439 948 503 988 sese
518 932 599 989 cibus
614 950 702 990 omne
716 933 908 1022 animantumj
997 952 1044 1004 350

142 1029 276 1078 crescunt
290 1021 407 1078 arbusta
419 1030 449 1078 et
461 1021 536 1078 fetus
551 1021 581 1078 in
595 1031 728 1096 tempore
742 1021 877 1094 fundunt,
967 1022 976 1035 “

114 1096 227 1184 >qudi
237 1112 319 1169 cibus
333 1111 363 1168 in
377 1119 453 1170 totas
466 1129 560 1185 usque
571 1112 609 1170 ab
622 1111 767 1170 radicibus
781 1113 846 1170 imis

141 1219 194 1276 per
207 1210 326 1259 truncos
339 1219 375 1258 ac
388 1219 442 1276 per
455 1219 551 1260 ramos
565 1201 735 1260 diffunditur
748 1203 853 1283 omniq

141 1292 216 1348 inter
229 1300 330 1365 saepta
343 1301 443 1350 meant
455 1309 545 1351 voces
559 1301 589 1350 et
602 1292 699 1349 clausa
713 1292 868 1350 domorum

140 1382 348 1453 transvolitant,
362 1382 488 1457 rigidum
497 1392 649 1457 permanat
662 1383 749 1457 frigus
763 1382 802 1439 ad
815 1393 892 1453 ossa·
998 1403 1043 1454 355

142 1471 223 1546 quod
237 1473 293 1530 nisi
306 1473 403 1530 inania
416 1473 481 1544 sint,
497 1491 556 1546 qua
568 1473 680 1546 possint
694 1490 818 1546 corpora
832 1489 965 1547 quaeque

142 1551 283 1639 transirest
303 1561 383 1620 haud
397 1563 454 1620 ulla
468 1564 530 1620 fieri
544 1564 655 1620 ratione
669 1561 792 1620 videres.
959 1587 968 1641 7

142 1652 270 1728 denique
285 1671 337 1711 cur
346 1653 419 1719 ¹alias
433 1653 494 1719 aliis
508 1663 653 1727 praestare
667 1651 800 1711 videmus

141 1743 274 1819 pondere
288 1760 333 1802 res
347 1743 507 1801 rebus‘nilo
521 1744 631 1800 maiore
646 1743 758 1816 figura?

141 1853 211 1893 nam
225 1835 250 1891 si
263 1833 463 1891 tantundemst
476 1834 506 1890 in
520 1834 603 1890 lanae
618 1834 747 1908 glomere
762 1843 904 1907 quantum
998 1841 1046 1904 360
1071 1882 1075 1890 .

142 1925 272 1999 corporis
286 1925 317 1982 in
330 1924 453 1999 plumbo
468 1933 520 1994 est,
536 1922 709 1980 tantundem
724 1922 853 1997 pendere
868 1941 920 1998 par
934 1934 985 1993 est,

142 2015 272 2089 corporis
286 2015 442 2072 officiumst
457 2015 595 2088 quoniam
610 2030 742 2087 premere
757 2014 856 2070 omnia
870 2014 1017 2085 deorsum,

142 2115 244 2162 contra
257 2113 354 2163 autem
369 2083 472 2162 natdra
485 2112 583 2160 manet
597 2104 659 2160 sine
673 2102 806 2177 pondere
820 2104 830 2160 i
851 2081 922 2162 adis.
978 2035 1204 2258 Ἆίιίῖὶᾤΰ

142 2214 212 2272 ergo
226 2197 309 2272 quod
323 2204 490 2272 magnumst
504 2214 598 2270 aeque
612 2197 761 2270 leviusque
775 2122 898 2268 madir,
998 2195 1035 2212 “
1059 2230 1093 2301 [A
1111 2243 1205 2303 m
1223 2237 1246 2246 ..

958 690 1106 778 60ch-

140 2288 277 2345 nimirum
291 2288 356 2362 plus
370 2305 434 2345 esse
448 2287 503 2344 sibi
516 2285 645 2344 declarat
658 2286 770 2358 inanis;
998 2291 1045 2354 365

142 2386 172 2435 at
185 2387 287 2435 contra
299 2378 413 2452 gravius
426 2377 491 2451 plus
504 2376 534 2434 in
549 2375 580 2434 s'e
595 2377 724 2450 corporis
739 2392 803 2434 esse

142 2467 304 2541 dedicatget
318 2467 410 2525 multo
423 2467 508 2524 vacui
522 2467 618 2523 minus
631 2467 707 2531 intus
722 2466 838 2524 habere.

130 2567 187 2637 ‚est
200 2559 285 2636 igitur
298 2558 433 2615 nimirum
447 2557 478 2614 id
492 2556 574 2631 quod
587 2557 698 2613 ratione
713 2557 809 2631 sagaci

112 2666 125 2680 ·’
142 2649 323 2734 quaerimusg
331 2646 493 2706 admixtum
506 2648 602 2717 rebus,
617 2646 699 2721 quod
713 2647 799 2704 inane
812 2665 960 2704 vocamus.
1027 2720 1032 2729 ι
1062 2718 1071 2731 ,

183 2737 260 2796 Illud
274 2739 304 2796 in
318 2738 362 2796 his
376 2738 464 2796 rebus
476 2755 513 2796 ne
528 2747 557 2795 te
572 2737 719 2795 deducere
734 2754 803 2795 vero
980 2732 1071 2821 ‘376‘

142 2829 243 2904 possit,
259 2827 341 2904 quod
355 2828 475 2902 quidam
489 2829 612 2902 fingunt,
627 2845 811 2902 praecurrere
826 2845 924 2902 cogor.
1009 2816 1039 2896 ,⁵²³
1069 2889 1073 2896 ¹
1170 2818 1173 2825 ’

143 2918 249 2976 cedere
264 2919 452 2993 squamigeris
466 2919 566 2976 latices
581 2918 738 2975 nitentibus
752 2919 833 2975 aiunt
967 2922 970 2928 ’

112 3018 174 3100 pet
186 3007 310 3082 liquidas
324 3008 435 3082 aperire
449 3009 517 3079 vias
534 3008 602 3081 quia
615 3016 682 3082 post
695 3008 761 3064 loca
774 3007 869 3082 pisces
1117 3065 1120 3069 ,
1221 3077 1228 3087 ι

142 3092 289 3181 linquant}
299 3115 358 3172 quo
372 3099 483 3172 possint
497 3098 638 3155 cedentes
652 3098 799 3155 confluere
813 3096 909 3155 undae
921 3116 930 3168 3
948 3112 1075 3205 m
1088 3098 1158 3197 ,Μ’
1195 3108 1199 3117 ’

143 3189 186 3246 sic
199 3189 267 3247 alias
281 3206 400 3262 quoque
414 3206 460 3246 res
473 3189 548 3245 inter
561 3206 592 3246 se
607 3206 693 3262 posse
709 3188 819 3246 moveri
998 3203 1044 3254 375
1191 3214 1193 3218 ⁴

143 3287 298 3361 etmutare
312 3279 420 3350 locum,
435 3279 565 3352 quamvis
579 3279 636 3337 sint
650 3279 749 3336 omnia
763 3278 858 3352 plena.
1062 3221 1178 3332 μ
1204 3269 1213 3290 ’

103 3404 107 3412 ·
143 3366 255 3429 scilicet
268 3368 299 3426 id
312 3368 383 3426 falsa
396 3378 490 3426 totum
504 3369 616 3427 ratione
630 3376 815 3443 receptumst.
1067 3337 1068 3341 Ἰ
1179 3424 1187 3442 ,

52 3480 57 3487 ·
114 3468 213 3519 'nam
226 3477 287 3534 quo
301 3460 475 3536 squamigeri
488 3469 625 3536 poterunt
638 3457 799 3536 procedere
812 3454 941 3526 tandem,
984 3374 1247 3540 lostost<
