2498 3894
94 207 164 281 111.]
332 164 386 261 ΙΒΕ
412 208 559 262 RERUM
584 207 756 261 NATURA
952 208 992 272 93

90 370 172 428 vivus
186 370 265 427 enim
279 369 333 428 sibi
348 388 416 427 cum
430 370 568 445 proponit
583 369 706 444 quisque
721 369 857 440 futurum,

91 478 197 535 corpus
211 460 253 518 uti
266 460 397 518 volucres
411 462 538 518 lacerent
552 461 582 517 in
596 449 689 518 morte
704 460 849 533 seraeque,
947 465 996 515 880

91 553 153 628 ipse
168 553 212 610 sui
226 554 364 626 miseret3
384 571 481 628 neque
496 553 575 610 enim
590 571 621 610 se
636 551 739 609 dividit
753 553 823 609 illim

91 662 148 701 nec
162 652 292 700 removet
306 644 374 701 satis
388 662 406 701 a
419 644 551 718 proiecto
567 661 689 717 corpore
704 653 734 699 et
748 641 827 699 illurn
886 679 900 704 c

92 752 123 792 se
137 734 220 808 fingit
234 751 380 807 sensuque
395 752 449 791 suo
464 733 645 790 contaminat
659 742 764 791 astans

92 823 161 881 hinc
174 823 341 898 indignatur
353 841 385 881 se
400 823 551 881 mortalem
566 841 629 880 esse
644 832 775 880 creatum
849 819 949 905 2}spss
957 822 1001 892 [a

91 932 148 972 nec
161 913 242 971 videt
254 915 285 972 in
298 932 366 971 vera
380 914 490 971 nullum
505 914 566 971 fore
581 923 673 970 morte
688 882 822 970 aliumbb
947 918 993 980 885

92 1004 143 1078 qui
156 1005 248 1079 possit
260 1004 341 1062 vivus
355 1004 410 1062 sibi
423 1022 454 1062 se
468 1004 565 1078 lugere
579 1012 764 1078 peremptum

91 1104 229 1169 stansque
243 1095 388 1151 iacentem
403 1111 433 1151 se
448 1094 567 1150 lacerari
581 1095 660 1151 urive
675 1093 784 1152 dolere.

92 1186 199 1243 namsi
214 1184 243 1241 in
257 1194 350 1242 morte
365 1185 500 1241 malumst
515 1184 595 1241 malis
610 1202 767 1257 morsuque
782 1184 906 1241 ferarum

91 1275 215 1347 tractari,
229 1293 291 1332 non
304 1275 421 1332 invenio
435 1275 486 1348 qui
500 1292 561 1332 non
575 1275 611 1332 sit
624 1275 762 1332 acerbum

91 1365 206 1441 ignibus
220 1365 378 1440 inpositurn
393 1364 493 1422 calidis
507 1374 664 1422 torrescere
680 1364 803 1421 flammis
947 1371 996 1434 890

91 1460 186 1518 autin
200 1459 284 1517 melle
299 1460 386 1518 situm
400 1459 533 1517 suffocari
548 1469 635 1533 atque
649 1459 741 1533 rigere

91 1551 206 1627 frigore,
220 1568 289 1607 cum
302 1567 417 1607 summo
432 1548 519 1625 gelidi
534 1550 623 1607 cubat
637 1567 766 1623 aequore
777 1549 848 1619 saxi,

92 1641 222 1716 urgerive
237 1658 360 1715 superne
376 1640 516 1698 obtritum
529 1638 660 1714 pondere
674 1649 775 1696 terrae.
799 1673 801 1679 ι

133 1733 216 1789 ‘Iam
230 1731 286 1788 iarn
301 1750 363 1789 non
377 1730 483 1789 domus
498 1730 623 1805 acciplet
636 1740 666 1788 te
680 1730 764 1800 laeta,
779 1747 876 1803 neque
890 1747 963 1786 uxor

92 1822 205 1897 optima
216 1839 274 1879 nec
288 1821 388 1879 dulces
403 1830 556 1879 occurrent
571 1820 671 1878 oscula
685 1821 745 1876 nati
946 1827 1002 1892 895>

92 1913 257 1990 praeripere
271 1920 301 1969 et
313 1912 402 1969 tacita
414 1922 517 1987 pectus
532 1910 689 1968 dulcedine
704 1918 834 1984 tangent.

92 2021 155 2061 non
168 2002 275 2078 poteris
289 2001 371 2060 lactis
385 2001 552 2059 florentibus
567 2019 639 2071 esse,
655 2001 769 2074 tuisque

92 2092 279 2170 praesidinm.
301 2082 406 2150 misero
421 2092 543 2149 misere’
558 2092 638 2148 aiunt
654 2091 771 2148 ‘omnia
798 2088 910 2147 ademit

93 2202 154 2241 una
166 2183 229 2242 dies
243 2183 346 2240 infesta
358 2183 411 2240 tibi
424 2192 469 2239 tot
482 2183 611 2257 praemia
624 2181 718 2240 vitae!
938 2248 941 2252 Δ

93 2273 165 2331 illud
178 2275 208 2331 in
223 2274 267 2332 bis
281 2274 367 2331 rebus
382 2291 441 2329 non
456 2271 570 2329 addunt
585 2276 659 2328 ‘nec
674 2271 725 2329 tibi
741 2289 841 2328 earum
948 2289 996 2340 900

94 2364 151 2422 iarn
166 2363 343 2421 desiderium
357 2381 452 2421 rerum
467 2381 554 2437 super
568 2361 674 2420 insidet
686 2363 764 2418 una.l
962 2416 972 2432 ,
1006 2363 1106 2509 a

95 2453 177 2528 quod
190 2455 267 2512 bene
280 2455 305 2511 si
317 2453 436 2512 videant
448 2454 547 2510 animo
562 2425 705 2526 dictisque
720 2460 887 2525 sequantur,
951 2465 992 2514 ιη
1136 2474 1141 2482 ’

94 2543 255 2602 dissoluant
267 2544 356 2602 animi
369 2562 476 2618 magno
491 2561 521 2600 se
536 2560 643 2617 angore
658 2551 807 2616 metuque.
872 2598 875 2605 ,
1027 2539 1224 2588 ,αἱ-κ

96 2638 143 2692 ‘tu
157 2634 277 2709 quidem
290 2643 323 2691 ut
338 2653 369 2692 es
382 2635 441 2691 leto
455 2635 576 2708 sopitus,
590 2633 632 2690 sic
647 2632 781 2723 erispevi
833 2541 1189 2732 strix&
1230 2636 1243 2656 ²

95 2723 178 2800 quod
191 2733 323 2800 superest
336 2725 448 2782 cunctis
462 2725 583 2799 privatu’
599 2723 747 2781 doloribus
761 2739 873 2795 aegrrs:
948 2737 994 2794 905

95 2824 127 2873 at
139 2833 194 2873 nos
208 2811 346 2872 horrifico
357 2815 531 2872 cinefactum
546 2823 574 2871 te
589 2832 681 2889 prope
695 2813 781 2871 busto
1014 2726 1217 2923 ⁴772}

96 2905 292 2964 insatiabiliter
306 2905 484 2977 deflevimus,
499 2916 708 2979 aeternumque
1203 2915 1211 2926 ·

96 2995 175 3056 nulla
188 2995 251 3054 dies
265 2995 350 3054 nobis
364 3012 525 3052 maerorem
540 3012 556 3051 e
570 3004 690 3069 pectore
705 2992 825 3052 demet'

96 3084 169 3144 illud
182 3085 219 3144 ab
233 3085 291 3143 boc
305 3085 390 3160 igitur
403 3083 604 3159 quaerendum
617 3094 671 3154 est,
686 3083 758 3158 quid
773 3083 808 3141 sit
821 3081 911 3140 amari

96 3183 180 3234 tanto
194 3192 292 3251 opere,
304 3174 342 3232 ad
357 3193 492 3232 somnum
506 3174 590 3232 sires
604 3173 680 3230 redit
693 3183 781 3248 atque
796 3173 934 3246 quietem,
948 3191 997 3245 9¹0

97 3264 318 3342 ourequisquam
331 3274 451 3323 aeterno
466 3264 558 3339 possit
571 3264 720 3322 tabescere
734 3262 824 3321 luctu.

140 3356 212 3414 Hoc
225 3356 314 3414 etiarn
327 3355 437 3413 faciunt
450 3354 502 3413 ubi
515 3353 689 3413 discubuere
704 3362 864 3427 tenentque

98 3445 207 3523 pocula
220 3463 308 3522 saepe
322 3443 457 3504 homines
470 3455 501 3505 et
513 3443 681 3503 inumbrant
694 3463 745 3502 ora
759 3442 884 3516 coronis,
