2498 3894
159 193 226 266 1v.]
382 195 436 248 DE
462 195 608 248 usuum
637 196 807 250 NATURA
1005 200 1066 264 119

156 353 400 413 contractabiliter
413 355 510 413 caulas
525 356 629 413 intrare
644 357 740 431 palati,
1012 366 1062 416 660

156 453 186 501 at
199 455 302 502 contra
315 445 420 519 quibus
434 456 478 503 est
492 446 597 503 eadem
613 465 658 504 res
672 448 749 505 intus
763 447 880 519 acerba,

156 551 257 609 aspera
271 535 404 592 nimirum
420 547 573 610 penetrant
589 538 763 612 hamataque
779 538 888 597 fauces,

155 642 234 681 nunc
248 625 331 682 facile
346 636 440 683 estex
455 626 498 684 his
514 627 600 684 rebus
615 646 794 702 cognoscere
810 647 954 704 quaeque.

155 715 265 789 quippe
279 715 328 773 ubi
342 716 390 773 cui
404 716 489 773 febris
504 717 552 774 bili
567 727 722 791 superante
738 729 839 776 coorta
854 729 897 777 est

155 815 205 862 aut
218 805 273 862 alia
287 806 398 863 ratione
413 806 534 880 aliquast
548 808 590 864 vis
605 808 701 864 excita
715 809 818 879 morbi,
1010 816 1058 880 665

155 896 337 969 perturbatur
350 896 389 953 ibi
404 897 461 953 iam
476 906 569 954 totum
584 916 692 971 corpus
706 907 736 954 et
750 916 853 957 omnes

155 996 372 1043 commutantur
386 987 424 1044 ibi
439 988 585 1061 positurae
600 989 809 1062 principiorum
821 1009 830 1062 ;

154 1074 187 1132 fit
200 1076 278 1151 prius
292 1076 330 1133 ad
345 1094 462 1134 sensum
476 1087 508 1134 ut
522 1096 598 1151 quae
613 1097 737 1153 corpora
752 1079 969 1137 conveniebant

154 1184 232 1223 nunc
247 1184 307 1225 non
322 1169 507 1238 conveniant,
523 1179 552 1225 et
567 1179 663 1226 cetera
677 1171 733 1226 sint
748 1170 838 1244 magis
853 1180 929 1244 apta,

154 1273 229 1330 quae
240 1268 390 1332 penetrata
400 1269 512 1332 queunt
523 1277 640 1316 sensum
651 1261 823 1334 progignere
833 1261 970 1318 acerbum
982 1280 991 1332 ;
1005 1266 1059 1334 670

153 1356 274 1421 utraque
288 1348 367 1405 enim
382 1358 449 1404 sunt
464 1349 492 1405 in
508 1350 599 1407 mellis
614 1351 774 1408 commixta
788 1368 910 1424 sapore;

53 1437 57 1445 '
153 1436 184 1494 id
198 1437 280 1511 quod
294 1438 351 1494 iam
366 1456 471 1512 supera
484 1440 536 1496 tibi
550 1458 638 1514 saepe
653 1439 834 1498 ostendimus
847 1450 925 1498 ante.

194 1528 283 1584 Nunc
297 1546 351 1603 age
366 1546 425 1603 quo
440 1540 528 1603 pacto
542 1531 617 1588 naris
632 1530 764 1588 adiectus
778 1530 877 1588 odoris

153 1626 252 1692 tangat
265 1636 358 1693 agam.
374 1619 500 1694 primum
514 1637 559 1677 res
574 1621 678 1678 multas
692 1638 755 1677 esse
771 1630 919 1678 necessest

153 1708 232 1765 unde
247 1708 339 1766 fluens
352 1710 448 1768 volvat
461 1710 555 1767 varius
569 1728 600 1767 se
616 1711 719 1767 fluctus
735 1709 870 1781 odorum,
1008 1715 1056 1780 675

154 1807 183 1855 et
197 1798 284 1857 fluere
299 1809 329 1857 et
343 1800 417 1857 mitti
431 1800 517 1874 volgo
532 1801 685 1875 spargique
701 1800 911 1875 putandumst3

153 1906 253 1946 vemm
268 1889 328 1947 aliis
342 1890 413 1947 alius
428 1891 518 1965 magis
533 1900 577 1947 est
591 1891 785 1948 animantibus
800 1901 884 1964 aptus

153 1978 297 2037 dissimilis
311 1990 430 2054 propter
443 1981 560 2038 formas.
575 1979 703 2054 ideoque
718 1998 770 2055 per
784 1999 867 2039 auras

153 2071 244 2128 mellis
259 2088 329 2144 apes
344 2071 474 2145 quamvis
489 2071 575 2145 longe
591 2070 738 2128 ducuntur
751 2070 853 2143 odore,

152 2161 323 2235 volturiique
338 2161 535 2218 cadaveribus.
550 2171 612 2218 tum
627 2162 693 2218 fissa
707 2163 831 2219 serarum
1008 2165 1058 2217 680

153 2252 259 2325 ungula
273 2269 333 2325 quo
347 2251 442 2308 tulerit
455 2269 584 2326 gressum
600 2252 739 2325 permissa
755 2269 860 2308 canum
875 2250 917 2309 vis

153 2340 243 2412 ducit,
258 2351 288 2399 et
302 2341 461 2398 humanum
477 2341 563 2416 longe
578 2342 735 2415 praesentit
749 2340 873 2400 odorem

154 2431 376 2489 Romulidarum
390 2432 463 2489 arcis
477 2441 605 2488 servator
619 2431 763 2489 candidus
776 2449 869 2490 anser.

153 2521 194 2579 sic
208 2522 270 2580 aliis
283 2522 354 2580 alius
368 2521 454 2579 nidor
468 2521 553 2579 datus
567 2521 605 2578 ad
621 2540 672 2578 sua
686 2539 834 2596 quemque

152 2612 259 2686 pabula
272 2612 354 2669 ducit
368 2621 397 2669 et
411 2630 429 2669 a
442 2622 535 2669 taetro
550 2612 656 2669 resilire
670 2630 785 2669 veneno
1007 2618 1055 2682 685

153 2702 240 2776 cogit,
256 2718 351 2776 eoque
365 2700 457 2759 modo
471 2711 620 2758 servantur
633 2702 729 2758 saecla
743 2703 874 2759 serarum.

194 2791 254 2848 Hic
268 2790 343 2849 odor
357 2791 419 2866 ipse
435 2790 526 2865 igitur,
543 2791 619 2848 naris
633 2792 811 2865 quicumque
825 2791 949 2862 lacessit,

153 2892 201 2940 est·
210 2882 266 2941 alio
280 2892 313 2940 ut
326 2884 417 2957 possit
431 2883 558 2957 permitti
573 2884 686 2958 longius
700 2884 771 2941 alter
784 2904 792 2956 ;

153 2974 206 3033 sed
220 2985 319 3033 tamen
333 2975 411 3033 haud
426 2976 580 3050 quisquam
595 2986 655 3032 tam
671 2976 757 3050 longe
772 2977 860 3033 sertur
874 2993 977 3033 corum

153 3082 241 3140 quam
256 3065 376 3136 sonitus,
386 3083 474 3140 quam
487 3083 552 3135 vox,
565 3066 649 3122 mitto
660 3065 717 3122 iam
732 3065 830 3123 dicere
845 3083 934 3138 quam
948 3083 993 3123 res
1008 3071 1057 3138 690

153 3171 228 3231 quae
242 3155 347 3212 feriunt
360 3155 511 3213 oculorum
525 3155 602 3213 acies
617 3156 768 3230 visumque
782 3156 936 3214 lacessunt.

153 3245 332 3304 errabundus
346 3246 425 3303 enim
440 3245 521 3302 tarde
536 3246 616 3303 venit
630 3263 665 3302 ac
679 3246 754 3320 perit
768 3255 835 3303 ante

152 3335 291 3411 paulatim
306 3335 395 3393 facilis
409 3335 563 3394 distractus
577 3336 607 3392 in
621 3336 694 3395 a'e‘ris
708 3353 811 3409 auras3

153 3441 192 3485 ex
203 3424 263 3484 alto
276 3426 403 3501 primum
418 3426 486 3501 quia
499 3426 547 3483 vix
561 3426 701 3484 emittitur
714 3443 751 3483 ex
762 3443 813 3485 re:
