2498 3894
119 258 181 306 212
459 253 690 309 rueramus
952 251 1021 324 [vr.

118 420 262 480 sudabant
275 419 363 478 etiarn
377 418 477 476 fauces
490 416 663 476 intrinsecus
676 425 754 475 atrae

117 511 257 586 sanguine
271 520 301 566 et
314 508 458 567 ulceribus
472 507 553 565 vocis
566 508 613 564 via
626 516 728 581 saepta
742 506 839 565 coibat

117 611 205 675 atque
220 600 308 658 animi
322 600 464 674 interpres
478 598 615 656 manabat
628 598 726 673 lingua
740 613 843 655 cruore

117 689 266 748 debilitata
279 689 370 759 malis,
386 698 469 745 motu
482 687 585 762 gravis,
599 705 703 762 aspera
717 695 807 744 tactu.
958 701 1023 756 1150

116 779 186 838 inde
200 779 251 837 ubi
265 796 317 854 per
330 779 429 835 fauces
443 787 547 852 pectus
562 777 723 852 complerat
737 787 766 834 et
780 777 876 850 ipsum

116 868 252 928 morbida
264 869 306 926 vis
321 868 351 924 in
365 886 417 926 cor
430 877 574 925 maestum
589 867 768 925 confluxerat
782 866 884 942 aegriS,

117 959 218 1018 omnia
231 968 293 1016 tum
307 975 376 1014 vero
390 958 458 1014 vitai
473 958 597 1014 claustra
610 957 755 1015 lababant.

117 1049 232 1125 spiritus
246 1065 297 1106 ore
312 1047 387 1105 foras
401 1057 526 1104 taetrum
541 1047 675 1104 volvebat
688 1045 822 1117 odorem,

116 1137 237 1197 rancida
250 1155 310 1212 quo
324 1137 457 1212 perolent
471 1137 603 1211 proiecta
616 1136 759 1194 cadavera
771 1136 837 1194 ritu.
958 1149 1020 1203 115⁵

117 1239 205 1304 atque
219 1228 309 1285 animi
323 1245 456 1302 prorsum
471 1236 533 1284 tum
547 1227 621 1284 vires
634 1226 732 1298 totius
747 1242 837 1284 omne

116 1318 273 1394 languebat
286 1335 393 1392 corpus
406 1317 456 1374 leti
470 1317 529 1373 iarn
542 1317 641 1373 limine
655 1316 685 1373 iu
698 1317 772 1391 ips0.

117 1407 404 1480 intolerabilibusque
418 1407 501 1464 malis
516 1415 577 1463 erat
590 1406 692 1464 anxius
706 1423 797 1480 angor

117 1498 241 1558 adsidue
256 1516 357 1556 comes
371 1506 401 1555 et
414 1497 524 1572 gemitu
539 1497 698 1554 commixta
711 1496 847 1570 querella.

118 1589 318 1664 singultusque
332 1588 468 1662 frequens
482 1596 603 1645 noctem
617 1604 771 1660 persaepe
785 1574 924 1661 diemque
958 1591 1023 1642 1160

118 1679 264 1754 corripere
279 1677 401 1736 adsidue
416 1695 521 1735 nervos
536 1686 565 1734 et
579 1677 711 1734 membra
725 1685 862 1734 coactans

118 1769 296 1828 dissoluebat
311 1786 372 1840 eos,
387 1767 518 1826 defessos
532 1777 609 1837 ante,
624 1767 756 1842 fatigans.

117 1878 175 1917 nec
189 1859 281 1917 nimio
295 1859 433 1932 cuiquam
447 1876 548 1933 posses
562 1856 666 1914 ardore
681 1857 755 1913 tueri

118 1950 249 2024 corporis
264 1950 293 2007 in
308 1967 422 2006 summo
437 1966 580 2006 summam
595 1946 756 2004 fervescere
770 1954 892 2020 partem,

119 2039 172 2098 sed
182 2041 283 2114 potius
298 2038 430 2112 tepidum
445 2038 577 2095 manibus
591 2055 757 2110 proponere
772 2046 882 2094 tactum
959 2042 1020 2107 1165

119 2140 149 2188 et
163 2130 248 2187 simul
261 2129 404 2186 ulceribus
419 2128 501 2201 quasi
516 2127 616 2184 inustis
631 2145 719 2184 omne
734 2128 838 2185 rubere

118 2238 234 2293 corpuS,
249 2229 280 2276 ut
294 2228 338 2276 est
352 2236 404 2292 per
417 2217 548 2275 membra
562 2235 643 2274 sacer
658 2217 729 2274 dum
744 2216 853 2274 diditur
866 2217 949 2292 ignis.

121 2309 224 2367 intima
237 2327 303 2383 pars
318 2307 469 2364 hominum
483 2325 552 2365 vero
567 2307 705 2381 flagrabat
718 2307 757 2364 ad
771 2326 846 2378 ossa,

118 2399 256 2474 flagrabat
270 2397 422 2456 stomacho
436 2397 553 2454 flamma
566 2406 599 2454 ut
612 2398 777 2455 fornacibus
791 2398 878 2456 intus,

117 2490 159 2546 nil
172 2487 248 2546 adeo
263 2506 363 2562 posses
378 2487 514 2561 cuiquam
527 2487 590 2544 leve
605 2497 750 2561 tenveque
766 2487 903 2544 membris
960 2506 1025 2557 1170

117 2589 228 2636 vertere
244 2579 274 2635 in
288 2579 448 2649 utilitatem,
463 2586 492 2634 at
505 2586 626 2634 ventum
640 2588 670 2635 et
683 2578 789 2651 frigora
802 2595 927 2651 semper.

118 2668 149 2725 in
163 2668 264 2726 fluvios
278 2669 383 2742 partim
396 2666 508 2741 gelidos
522 2666 655 2724 ardentia
669 2668 772 2725 morbo

118 2758 250 2815 membra
264 2757 373 2815 dabant
386 2756 498 2813 nudum
513 2757 652 2814 iacientes
667 2775 773 2832 corpus
787 2757 818 2814 in
832 2755 934 2816 undas·

118 2848 201 2906 multi
215 2848 387 2922 praecipites
401 2846 526 2921 lymphis
541 2848 702 2921 putealibus
717 2849 772 2905 alte

118 2937 285 2995 inciderunt
299 2938 363 3012 ipso
377 2937 527 2994 venientes
541 2955 592 2994 ore
607 2948 744 3011 patente:
960 2956 1023 3010 1175

118 3027 314 3085 insedabiliter
329 3027 388 3085 sitis
403 3027 492 3097 arida,
508 3044 631 3100 corpora
644 3046 783 3099 mersans,

119 3118 262 3191 aequabat
276 3117 398 3174 multum
412 3117 505 3190 parvis
519 3117 668 3174 umoribus
682 3118 815 3177 imbrem.

118 3225 176 3264 nec
190 3207 304 3280 requies
320 3217 380 3264 erat
394 3207 451 3263 ulla
465 3207 550 3264 mali:
574 3206 688 3265 defessa
702 3208 837 3266 iacebant

120 3315 253 3370 corpora.
271 3297 418 3354 mussabat
431 3297 521 3354 tacito
538 3296 686 3355 medicina
700 3300 812 3368 timore,

120 3387 230 3463 quippe
245 3387 373 3462 patentia
387 3405 454 3444 cum
469 3388 574 3445 totiens
589 3387 718 3445 ardentia
732 3388 839 3446 morbis

118 3477 228 3537 lumina
240 3486 387 3537 versarent
400 3476 552 3536 oculorum
566 3479 694 3554 expertia
707 3496 821 3537 somno.
