2498 3894
127 214 188 279 126
456 227 688 285 rueramus
957 229 1024 302 [ιν.

123 389 276 449 suavidicis
290 390 388 464 potius
402 409 491 465 quam
505 392 603 449 multis
616 392 745 450 versibus
759 390 865 464 edam3

123 500 225 557 parvus
235 492 270 539 -ut
285 491 329 538 est
343 482 429 557 cycni
443 482 544 539 melior
558 501 656 555 canor,
671 483 716 539 ille
730 501 832 557 gruum
848 501 937 558 quam
976 504 1027 557 9¹0
1057 522 1067 528 -

122 572 231 629 clamor
245 573 275 628 in
288 571 424 630 aetheriis
439 571 588 647 dispersus
603 573 728 631 nubibus
742 574 838 632 austri.

122 671 152 719 tu
167 662 235 719 mihi
252 662 291 720 da
303 662 398 720 tenuis
412 679 496 719 aures
510 664 699 737 animumque
714 681 858 738 sagacem,

121 769 159 809 ne
174 751 236 809 fieri
249 753 360 827 negites
375 769 450 827 quae
465 751 563 808 dicam
577 771 663 826 posse
678 763 812 828 retroque

121 860 189 900 vera
201 843 359 916 repulsanti
375 842 508 900 discedas
523 853 643 916 pectore
659 843 747 914 dicta,

122 932 236 990 tutimet
250 933 280 989 in
294 932 381 1007 culpa
394 951 461 989 cum
476 934 514 990 sis
528 950 624 1006 neque
640 950 760 990 cernere
775 932 878 1008 possis.
976 954 1006 1006 9¹
1011 949 1024 1004 5

121 1023 264 1098 principio
280 1041 399 1080 somnus
414 1024 445 1079 fit
459 1023 509 1080 ubi
523 1032 567 1080 est
581 1021 719 1079 distracta
733 1041 785 1098 per
799 1032 877 1081 artus
967 1011 970 1016 ⁵

120 1114 162 1170 vis
176 1114 290 1171 animae
305 1116 469 1186 partimque
484 1113 559 1171 foras
573 1114 668 1170 eiecta
682 1115 801 1172 recessit

121 1213 150 1261 et
164 1205 268 1278 partim
284 1213 420 1261 contrusa
433 1204 524 1278 magis
538 1203 684 1260 concessit
698 1202 728 1259 in
742 1203 831 1259 altum
843 1221 851 1274 3

121 1293 319 1352 dissoluuntur
333 1295 412 1353 enim
429 1302 488 1350 tum
504 1293 623 1350 demum
638 1292 771 1350 membra
783 1292 944 1368 fluuntque.

120 1402 188 1441 nam
203 1383 324 1442 dubium
338 1405 399 1443 non
414 1395 466 1456 est,
482 1385 588 1441 animai
602 1384 673 1458 quin
688 1401 778 1458 opera
791 1383 827 1440 sit
975 1403 1025 1456 9²0

120 1492 220 1532 sensus
235 1474 282 1531 hic
298 1475 327 1531 in
342 1475 436 1545 nobis,
452 1493 541 1549 quem
556 1492 624 1530 cum
638 1491 727 1548 sopor
741 1473 853 1547 inpedit
867 1489 940 1543 esse,

120 1574 181 1620 tum
196 1565 279 1621 nobis
294 1566 422 1621 animam
437 1565 632 1638 perturbatam
647 1582 710 1622 esse
725 1562 915 1638 putandumst

120 1655 301 1727 eiectamque
317 1655 410 1727 foras;
433 1673 492 1712 non
508 1673 645 1724 omnem;
668 1672 795 1729 namque
810 1655 916 1711 iaceret

120 1754 236 1801 aeterno
252 1763 357 1819 corpus
372 1745 519 1818 perfusum
534 1746 637 1819 frigore
651 1745 709 1803 leti.

120 1835 228 1908 quippe
244 1834 293 1892 ubi
308 1835 385 1892 nulla
399 1835 491 1893 latens
505 1836 612 1893 animai
627 1853 693 1909 pars
707 1845 870 1892 remaneret
973 1852 1022 1908 925

120 1924 149 1980 in
163 1925 309 1995 membriS,
324 1926 420 1983 cinere
435 1935 467 1983 ut
480 1926 569 1983 multa
583 1926 652 1983 latet
666 1927 789 1983 obrutus
801 1926 882 2000 ignis,

119 2013 197 2070 unde
212 2014 362 2072 reconflari
377 2034 477 2072 sensus
493 2033 544 2089 per
559 2017 690 2073 membra
703 2025 824 2090 repente

119 2115 227 2179 posset,
242 2115 274 2162 ut
287 2123 324 2162 ex
338 2106 396 2179 igni
410 2123 501 2162 caeco
517 2124 690 2179 consurgere
706 2107 842 2163 flamma?

159 2194 217 2252 Sed
232 2196 337 2269 quibus
352 2195 424 2251 haec
439 2195 526 2252 rebus
540 2196 652 2252 novitas
667 2197 776 2253 confiat
790 2205 820 2252 et
833 2195 913 2252 uncle

119 2285 277 2358 perturbari
292 2287 388 2342 anima
402 2295 431 2342 et
445 2304 551 2360 corpus
565 2287 752 2360 languescere
767 2286 868 2359 possit,
973 2305 1024 2358 930

120 2375 291 2450 expediam:
315 2385 345 2433 tu
361 2377 405 2432 fac
420 2394 457 2432 ne
472 2377 564 2433 ventis
578 2377 667 2433 verba
680 2375 865 2449 profundam.

119 2466 260 2539 principio
276 2476 393 2522 externa
407 2485 512 2541 corpus
528 2466 565 2523 de
580 2476 660 2540 parte
675 2484 830 2523 necessum
844 2473 897 2536 est,

119 2556 201 2613 aeriis
217 2557 354 2630 quoniam
369 2557 494 2614 vicinum
510 2559 634 2632 tangitur
648 2556 732 2626 auris,

118 2646 233 2704 tundier
246 2657 333 2722 atque
348 2648 408 2705 eius
423 2649 525 2705 crebro
540 2647 677 2721 pulsarier
690 2645 760 2716 ictu,

118 2747 329 2810 proptereaque
344 2739 402 2795 fere
417 2757 462 2794 res
477 2756 578 2794 omnes
593 2747 642 2794 aut
657 2737 737 2794 corio
753 2742 820 2792 sunt
973 2752 1022 2808 935

118 2834 168 2882 aut
181 2826 268 2882 etiam
284 2828 403 2884 conchis
417 2837 466 2882 aut
481 2827 553 2884 callo
569 2837 617 2884 aut
633 2829 741 2886 cortice
756 2836 862 2885 tectae.

118 2915 284 2972 interiorem
300 2917 386 2973 etiam
401 2927 513 2990 partem
528 2917 701 2990 spirantibus
716 2919 766 2976 aer

118 3004 249 3062 verberat
263 3005 310 3061 hic
325 3005 413 3077 idem,
428 3024 497 3063 cum
512 3006 627 3064 ducitur
640 3018 726 3082 atque
741 3007 866 3065 reflatur.

119 3112 207 3168 quare
221 3095 365 3169 utrimque
381 3115 465 3154 secus
480 3116 547 3154 cum
563 3115 668 3171 corpus
681 3098 798 3172 vapulet
813 3106 926 3154 etcum

120 3185 287 3261 perveniant
300 3187 402 3260 plagae
417 3205 469 3260 per
483 3206 571 3261 parva
584 3187 724 3244 foramina
738 3187 824 3245 nobis
972 3206 1023 3260 940

121 3276 247 3348 corporis
261 3276 299 3333 ad
314 3278 419 3350 primas
433 3279 521 3351 partis
535 3277 734 3350 elementaque
750 3278 851 3352 prima,

120 3365 150 3421 fit
164 3367 245 3438 quasi
259 3367 397 3440 paulatim
411 3369 495 3425 nobis
510 3386 563 3443 per
576 3368 706 3425 membra
719 3368 811 3425 ruina.

119 3455 325 3513 conturbantur
339 3458 417 3514 enim
432 3459 578 3532 positurae
593 3458 801 3533 principiorum
