2498 3894
120 184 169 256 V.]
274 186 328 237 DE
354 185 500 238 RERUM
529 185 700 238 NATURA
955 173 1021 251 '17'1

120 345 300 421 fortunisque
316 344 383 403 ideo
397 346 483 420 longe
498 355 642 421 praestare
657 346 807 421 putabant,

120 436 201 510 quod
217 437 315 494 mortis
330 437 416 493 timor
430 436 500 493 haut
510 455 688 512 quemquam
701 446 819 494 vexaret
832 454 944 508 eorum,
962 444 1024 495 1180

120 536 149 582 et
163 527 247 583 simul
262 528 291 584 in
306 526 414 583 somnis
429 527 497 601 quia
511 527 601 584 multa
615 536 644 583 et
658 527 731 584 mira
743 525 882 585 videbant

120 616 234 674 efficere
249 627 279 673 et
294 617 404 674 nullum
419 635 524 691 capere
538 618 617 691 ipsos
632 616 701 674 inde
716 618 856 677 laborem.

119 716 269 780 praeterea
282 707 354 763 caeli
368 707 493 764 rationes
508 707 611 764 ordine
626 717 707 763 certo

120 806 149 853 et
162 798 239 854 varia
253 816 396 854 annorum
411 798 570 855 cernebant
584 808 718 871 tempora
731 798 803 856 verti

119 905 175 944 nec
189 897 324 962 poterant
339 888 443 962 quibus
456 887 488 944 id
502 888 584 944 fieret
599 906 778 962 cognoscere
794 888 897 947 causis,
962 894 1024 959 1185

119 994 188 1051 ergo
203 978 363 1053 perfugium
380 978 434 1035 sibi
448 977 595 1035 habebant
610 979 709 1035 omnia
723 977 795 1036 divis

119 1067 232 1124 tradere
247 1077 276 1124 et
290 1068 403 1125 illorum
418 1076 489 1124 nutu
505 1068 599 1125 facere
614 1068 714 1125 omnia
729 1067 816 1126 flecti.

118 1157 148 1213 in
163 1159 303 1231 caeloque
318 1157 407 1215 deum
422 1157 507 1215 sedes
522 1168 551 1215 et
565 1159 674 1233 templa
688 1159 828 1230 locarunt,

118 1264 171 1321 per
185 1248 298 1304 caelum
312 1248 388 1305 volvi
403 1249 471 1322 quia
484 1266 543 1306 nox
558 1258 587 1305 et
601 1249 669 1305 luna
682 1248 804 1319 videtur,

119 1338 187 1393 luna
201 1337 264 1394 dies
279 1346 309 1394 et
323 1356 382 1395 nox
397 1349 426 1395 et
440 1340 535 1396 noctis
550 1340 632 1414 signa
646 1357 747 1396 severa
963 1358 1025 1410 1190

118 1428 354 1503 noctivagaeque
369 1429 447 1486 faces
462 1429 534 1486 caeli
550 1428 743 1503 flammaeque
759 1429 898 1501 volantes

121 1517 219 1575 nubila
233 1519 277 1574 sol
291 1519 398 1577 imbres
412 1520 462 1576 nix
476 1520 554 1576 venti
569 1519 689 1576 fulmina
702 1517 815 1594 grando

122 1617 151 1665 et
164 1608 256 1682 rapidi
271 1609 399 1666 fremitus
414 1619 443 1666 et
457 1628 605 1666 murmura
619 1628 724 1684 magna
739 1609 892 1667 minarum.

120 1706 133 1727 ⁸
160 1698 188 1756 Ο
201 1717 293 1773 genus
307 1700 405 1757 infelix
420 1701 589 1770 humanum,
608 1699 676 1756 talia
690 1698 763 1757 divis

120 1805 187 1844 cum
203 1789 301 1846 tribuit
315 1790 390 1846 facta
404 1800 491 1864 atque
507 1789 561 1846 iras
576 1788 708 1846 adiunxit
722 1791 860 1846 acerbas!
963 1806 1024 1860 1195

120 1889 244 1952 quantos
258 1889 321 1937 tum
335 1881 459 1954 gemitus
474 1880 528 1954 ipsi
542 1880 605 1951 sibi,
620 1889 788 1954 quantaque
802 1879 887 1937 nobis

119 1969 245 2040 volnera,
260 1987 332 2043 quas
347 1970 477 2027 lacrimas
492 1988 631 2044 peperere
646 1970 800 2027 minoribu’
815 1969 919 2026 nostris
933 1971 939 2028 l

119 2076 175 2115 nec
190 2060 282 2133 pietas
298 2049 380 2117 ullast
393 2060 520 2117 velatum
535 2077 622 2133 saepe
637 2058 728 2116 videri

119 2149 222 2206 vertier
236 2148 274 2206 ad
288 2147 415 2223 lapidem
431 2160 518 2223 atque
534 2151 628 2208 omnis
642 2149 785 2207 accedere
800 2148 838 2206 ad
853 2167 915 2206 aras

120 2256 176 2295 nec
187 2240 379 2313 procumbere
391 2240 471 2296 humi
483 2250 657 2314 prostratum
667 2249 696 2296 et
703 2238 832 2314 pandere
842 2239 952 2313 palmas
965 2259 1027 2295 1200

120 2339 187 2386 ante
201 2328 291 2387 deum
306 2330 426 2388 delubra
439 2349 496 2387 nee
510 2349 572 2387 aras
587 2331 726 2404 sanguine
741 2331 833 2386 multo

121 2436 255 2493 spargere
270 2419 494 2494 quadrupedum
509 2438 564 2477 nec
578 2421 653 2478 votis
667 2429 784 2477 nectere
799 2429 875 2489 vota,

121 2506 174 2565 sed
188 2526 272 2584 mage
287 2521 392 2584 pacata
405 2528 492 2584 posse
508 2511 606 2568 omnia
621 2519 718 2567 mente
732 2511 815 2567 tueri.

120 2616 189 2655 nam
204 2617 272 2656 cum
287 2601 460 2675 suspicimus
474 2601 571 2674 magui
587 2601 723 2657 caelestia
737 2596 839 2656 mundi

120 2688 238 2762 templa,
254 2708 341 2764 super
356 2690 502 2764 stellisque
517 2691 692 2747 micantibus
707 2689 825 2746 aethera
839 2689 939 2759 fixum,
965 2706 1026 2759 1205

121 2787 151 2835 et
164 2780 242 2836 venit
257 2781 286 2837 in
301 2791 429 2837 mentem
445 2782 511 2838 solis
526 2781 669 2853 lunaeque
685 2780 804 2850 viarum,

121 2877 192 2925 tunc
207 2869 267 2927 aliis
282 2888 421 2944 oppressa
436 2871 517 2928 malis
532 2871 561 2927 in
576 2879 697 2944 pectora
711 2887 781 2927 cura
825 2919 827 2922 .

122 2957 169 3014 illa
183 2976 300 3034 quoque
316 2962 552 3035 expergefactum
569 2969 657 3034 caput
672 2959 781 3033 erigere
796 2959 868 3029 infit,

122 3065 237 3122 nequae
252 3051 325 3107 forte
341 3050 430 3107 deum
444 3051 529 3108 nobis
544 3051 677 3106 inmensa
690 3058 820 3123 potestas

122 3138 167 3210 sit,
182 3140 261 3198 vario
276 3151 357 3198 motu
372 3158 447 3215 quae
462 3138 589 3197 candida
602 3138 698 3197 sidera
711 3147 815 3197 verset.
966 3157 1028 3193 1210

122 3237 246 3305 temptat
260 3233 338 3289 enim
353 3227 473 3289 dubiam
487 3241 616 3288 mentem
631 3230 750 3287 rationis
764 3237 888 3304 egestas,

123 3335 305 3394 ecquaenam
320 3320 404 3378 fuerit
418 3320 521 3378 mundi
534 3321 666 3395 genitalis
680 3321 771 3394 orig0‚

123 3417 154 3468 et
163 3409 249 3469 simul
263 3429 374 3486 ecquae
389 3411 425 3468 sit
439 3411 513 3482 finis,
528 3409 627 3486 quoad
641 3410 759 3468 moenia
773 3408 876 3469 mundi
