2498 3894
95 183 164 254 ΙΙΙ.]
244 183 298 236 DE
324 182 471 236 RERUM
499 181 670 235 NATURA

145 280 166 317 x
951 183 990 246 91
1054 320 1060 325 .

92 353 186 402 totum
199 361 287 419 posse
301 352 382 401 extra
395 361 501 418 corpus
516 342 617 400 durare
632 342 767 417 genique.
787 249 1073 538 &pL-Z}
1147 347 1150 355 ·
1198 337 1210 362 1

92 453 189 509 quare,
204 452 310 509 corpus
324 434 374 492 ubi
388 434 502 505 interiit,
516 434 635 508 periisse
649 442 798 491 necessest

92 526 249 583 confiteare
264 525 390 581 animam
406 523 572 581 distractam
586 524 616 580 in
631 542 753 598 corpore
768 533 840 583 tot0.

91 617 200 691 quippe
215 615 324 672 etenim
339 615 460 672 mortale
475 625 592 671 aeterno
608 615 771 712 iungereyet
784 634 844 673 una
946 623 994 671 800

91 706 255 763 consentire
270 714 415 785 putare‚et
429 705 508 778 fungi
522 714 623 764 mutua
636 723 722 780 posse
736 757 741 767 .

91 795 270 870 desiperest3
292 793 364 868 quid
379 795 457 852 enim
472 793 611 852 diversius
626 813 689 852 esse
704 795 895 871 putandumst

90 896 140 944 aut
154 887 244 959 magis
259 887 334 943 inter
348 902 378 942 se
394 884 569 942 disiunctum
585 885 843 961 discrepitansque,

91 995 179 1051 quam
193 976 313 1034 mortale
328 973 409 1049 quod
424 983 467 1032 est
481 975 624 1033 inmortali
639 987 726 1051 atque
740 978 863 1050 pereuni

90 1067 221 1124 iunctum
236 1067 265 1122 in
279 1065 405 1123 concilio
419 1084 518 1123 saevas
533 1066 654 1124 tolerare
669 1067 831 1141 procellas?

31 1151 172 1236 s‘quod
186 1158 210 1214 si
224 1157 296 1214 forte
311 1155 379 1213 ideo
393 1157 485 1231 magis
499 1157 667 1214 immortalis
682 1156 853 1231 habendast,
947 1164 996 1228 819

10 1236 20 1250 ¹
90 1246 173 1322 quod
186 1222 370 1305 letalibus&
384 1247 470 1304 rebus
484 1248 596 1305 munita
609 1255 732 1317 tenetur,
833 1201 1064 1376 [2³de

90 1347 140 1396 aut
154 1338 297 1412 quianon
311 1337 432 1394 veniunt
446 1337 566 1395 omnino
581 1337 675 1394 aliena
688 1337 785 1394 salutis

91 1438 140 1486 aut
154 1428 223 1503 quia
237 1445 312 1500 quae
330 1428 451 1485 veniunt
464 1428 559 1502 aliqua
572 1428 682 1485 ratione
697 1426 840 1485 recedunt

37 1517 1006 1669 innumerarum
1022 1551 1192 1647 „aa

90 1707 206 1774 praeter
219 1698 400 1803 eniquuam
416 1652 497 1778 qdod
511 1651 619 1756 morbis
633 1651 702 1756 cum
717 1651 846 1774 dorpolis
861 1651 967 1772 aegret,
1013 1659 1180 1746 flama
1191 1720 1209 1781 ¹.

91 1787 209 1846 advenit
223 1787 260 1876 id
269 1787 351 1863 quod
365 1807 431 1846 earn
445 1787 483 1846 de
498 1790 584 1847 rebus
599 1807 685 1863 saepe
700 1789 801 1847 suturis
822 1761 993 1858 Malum
1008 1752 1177 1907 lbwa

91 1888 219 1936 macerat
232 1878 321 1952 inque
335 1889 415 1936 metu
430 1880 505 1937 male
520 1879 609 1937 habet
623 1880 756 1954 curisque
771 1880 869 1954 fatigat
1174 1884 1245 1985 h·

91 1970 310 2044 praeteritisque
324 1971 398 2027 male
414 1945 683 2049 admildspeccata
697 1970 873 2028 remordent.
921 1912 1031 2012 OM·
1055 1924 1139 1992 “a'‘
1156 1981 1162 1990 ·

91 2057 169 2116 adde
184 2061 310 2118 furorem
325 2060 413 2118 animi
427 2061 576 2136 proprium
590 2071 677 2134 atque
692 2061 798 2119 oblivia
812 2078 916 2132 rerum,

92 2148 169 2206 adde
184 2149 265 2225 quod
279 2151 309 2207 in
323 2151 417 2224 nigras
431 2150 551 2227 lethargi
566 2151 702 2225 mergitur
716 2149 818 2208 undas.
972 2149 1226 2191 *Q*-

134 2241 183 2297 Nil
197 2241 281 2315 igitur
294 2259 372 2298 mors
387 2250 430 2298 est
444 2240 482 2298 ad
497 2259 551 2299 nos
565 2259 661 2316 neque
676 2242 802 2316 pertinet
816 2240 915 2314 hilum,
947 2247 996 2310 830

93 2329 333 2405 quandoquidem
346 2340 449 2388 natura
462 2332 551 2388 animi
565 2331 691 2389 mortalis
706 2331 847 2403 habetur;

93 2428 123 2477 et
136 2420 214 2478 velut
227 2430 363 2478 anteacto
377 2421 418 2478 nil
432 2430 564 2495 tempore
579 2396 720 2479 sensidlus
734 2422 821 2495 aegri,
873 2426 933 2504 (ok

93 2509 132 2567 ad
146 2510 365 2586 confligendum
378 2512 559 2569 venientibus
574 2512 703 2585 undique
720 2512 836 2581 Poenis,
874 2517 925 2532 '⁶

94 2600 192 2657 omnia
206 2619 274 2657 curn
288 2600 356 2658 belli
370 2600 485 2675 trepido
500 2620 644 2659 concussa
658 2601 781 2658 tumultu

93 2689 210 2748 horrida
224 2700 428 2749 contremuere
442 2692 496 2750 sub
510 2692 573 2749 altis
588 2691 711 2748 aetheris
726 2692 792 2760 oris,
933 2699 963 2766 ⁸8
981 2710 993 2762 5

93 2780 124 2837 in
137 2779 286 2856 dubioque
301 2781 380 2839 fuere
395 2792 524 2839 utrorum
538 2780 577 2838 ad
591 2800 679 2856 regna
694 2780 861 2838 cadendum
924 2711 989 2840 sp

94 2840 229 2929 ordlnbus
243 2871 376 2929 humanis
391 2882 467 2929 esset
481 2882 614 2946 terraque
629 2872 768 2945 marique,

95 2961 145 3032 sic,
160 2961 211 3019 ubi
224 2979 285 3018 non
300 2961 414 3034 erimus,
430 2980 497 3018 curn
513 2961 643 3036 corporis
658 2971 745 3034 atque
760 2961 867 3019 animai

95 3050 250 3109 discidium
265 3051 349 3110 fuerit
363 3052 467 3126 quibus
482 3070 498 3108 e
513 3070 612 3109 sumus
627 3051 721 3108 uniter
734 3052 803 3126 apti,

94 3141 205 3200 scilicet
218 3140 298 3199 haud
311 3142 396 3200 nobis
410 3143 577 3216 quicquam,
593 3142 718 3215 quinon
732 3142 838 3198 erimus
853 3151 924 3213 tum,
948 3147 997 3209 840

94 3230 229 3289 accidere
243 3231 364 3289 omnino
379 3232 484 3306 poterit
498 3249 675 3306 sensumque
689 3249 817 3302 movere,

94 3338 156 3379 non
168 3321 193 3379 si
206 3330 280 3379 terra
293 3322 365 3379 mari
379 3322 547 3379 miscebitur
560 3331 590 3379 et
603 3339 682 3378 mare
697 3321 788 3379 caelo.

95 3422 126 3470 et
138 3411 162 3471 si
175 3412 235 3470 iam
248 3421 347 3471 nostro
361 3412 448 3471 sentit
461 3410 500 3470 de
514 3430 637 3487 corpore
652 3421 809 3487 postquam

16 3533 289 3668 mlada.
327 3533 635 3662 nnuma
665 3542 854 3738 ΞΜ
876 3517 1160 3640 (μων.

71 3690 664 3828 mutuatum.
