2498 3894
127 233 171 298 66
464 246 695 301 coenamus
982 243 1037 320 [11.

126 407 320 483 primigenum
334 407 420 466 maris
435 417 465 466 et
479 417 572 465 terrae
585 407 712 482 solisque
727 417 861 466 coortum

126 497 227 557 addita
241 515 364 572 corpora
377 507 443 556 sunt
458 499 643 570 extrinsecus,
660 497 761 556 addita
774 499 885 557 circum

125 580 239 646 semina'
252 605 327 662 quae
342 607 481 662 magnum
494 587 649 646 iaculando
664 588 786 646 contulit
800 607 908 663 omne3

124 678 204 736 unde
220 696 299 736 mare
314 688 343 736 et
354 687 446 736 terrae
460 688 581 753 possent
594 697 750 753 augescere
765 689 795 736 et
809 679 889 738 unde

125 777 277 845 appareret
291 769 416 844 spatium
431 769 504 826 caeli
517 768 624 827 domus
638 769 752 844 altaque
766 778 844 828 tecta
965 793 1028 830 1110

125 861 237 918 tolleret
250 878 268 916 a
281 861 361 916 terris
375 859 478 934 procul
492 868 522 917 et
536 870 723 935 consurgeret
736 861 793 919 a'e'r.

124 969 191 1008 nam
207 968 259 1007 sua
272 950 378 1024 cuique
392 951 463 1008 locis
477 968 515 1007 ex
528 950 663 1008 omnibus
677 952 777 1009 omnia
790 951 881 1027 plagis

27 1063 36 1071 ‘
124 1059 247 1116 corpora
262 1041 469 1099 distribuuntur
483 1049 512 1098 et
527 1040 565 1097 ad
580 1059 632 1098 sua
646 1041 741 1098 saecla
755 1041 906 1113 recedunt,

124 1150 209 1189 umor
222 1130 261 1190 ad
274 1149 417 1202 umorem,
432 1140 546 1189 terreno
561 1149 684 1206 corpore
699 1142 774 1189 terra

124 1223 228 1279 crescit
242 1231 271 1280 et
285 1222 383 1296 ignem
397 1223 477 1295 ignes
491 1221 659 1296 procudunt
672 1221 847 1295 aetheraque
862 1220 971 1292 aether,

124 1311 253 1388 donique
268 1313 306 1370 ad
321 1322 479 1370 extremam
494 1312 645 1370 crescendi
659 1313 769 1387 perfica
782 1313 871 1370 finem
962 1318 1025 1368 1116

124 1404 223 1461 omnia
236 1402 372 1479 perduxit
385 1421 480 1460 rerum
495 1412 596 1460 natura
610 1403 750 1476 creatrix3

123 1503 155 1551 ut
168 1494 200 1551 fit
213 1495 263 1552 ubi
276 1495 336 1552 nilo
350 1494 408 1551 iam
422 1494 486 1568 plus
500 1503 544 1551 est
558 1493 639 1568 quod
654 1494 738 1552 datur
751 1494 826 1551 intra

121 1584 213 1642 vitalis
227 1602 317 1642 venas
331 1602 419 1658 quam
435 1583 516 1658 quod
530 1584 591 1642 fluit
605 1584 701 1658 adque
716 1583 836 1642 recedit.

122 1674 257 1731 omnibus
272 1674 320 1731 hic
334 1683 412 1731 aetas
427 1673 516 1731 debet
530 1675 688 1732 consistere
702 1674 797 1746 rebus,
961 1694 1024 1729 1120

122 1763 170 1820 hic
184 1773 285 1820 natura
299 1765 357 1821 suis
370 1764 495 1821 refrenat
507 1765 614 1822 viribus
628 1774 756 1822 auctum.

121 1872 190 1910 nam
206 1872 409 1928 quaecumque
423 1853 505 1911 vides
519 1854 610 1912 hilaro
622 1854 814 1930 grandescere
828 1852 956 1911 adauctu

121 1944 318 2018 paulatimque
333 1944 439 2018 gradus
453 1945 553 2002 aetatis
567 1944 708 2002 scandere
723 1943 847 2014 adultae,

120 2033 203 2108 plura
217 2034 270 2091 sibi
284 2033 441 2091 adsumunt
455 2052 543 2108 quam
559 2033 596 2092 de
611 2053 642 2092 se
657 2053 781 2110 corpora
794 2035 922 2106 mittunt,

121 2123 192 2180 dum
207 2124 290 2181 facile
305 2125 335 2181 in
350 2143 437 2182 venas
452 2125 533 2182 cibus
548 2126 642 2183 omnis
657 2125 765 2184 inditur
778 2135 807 2183 et
821 2125 892 2183 dum
960 2141 1021 2196 1125

120 2232 181 2271 non
195 2214 235 2271 ita
249 2224 315 2272 sunt
329 2215 385 2272 late
399 2214 530 2289 dispersa
544 2224 576 2273 ut
590 2216 681 2274 multa
694 2217 841 2274 remittant

120 2314 150 2361 et
163 2304 228 2378 plus
242 2304 379 2380 dispendi
393 2306 499 2363 faciant
513 2323 601 2380 quam
615 2308 740 2364 vescitur
754 2316 841 2364 aetas.

120 2412 188 2451 narn
203 2406 281 2453 certe
296 2396 383 2453 fluere
398 2396 494 2470 adque
508 2396 646 2455 recedere
661 2415 784 2472 corpora
797 2398 883 2455 rebus

119 2485 210 2541 multa
224 2504 326 2543 manus
341 2484 469 2543 dandum
487 2496 549 2558 est3
571 2486 624 2544 sed
639 2486 720 2561 plura
734 2486 875 2545 accedere
889 2485 1008 2560 debent,

120 2573 217 2631 donec
231 2574 377 2632 alescendi
391 2595 538 2634 summum
552 2577 671 2651 tetigere
686 2595 838 2635 cacumen.
959 2597 1022 2646 1130

119 2664 189 2721 inde
204 2665 368 2722 minutatim
382 2666 456 2724 vires
471 2675 501 2724 et
514 2668 603 2725 robur
616 2666 747 2724 adultum

118 2754 223 2828 frangit
237 2764 266 2812 et
280 2758 310 2813 in
324 2765 436 2829 partem
447 2757 577 2831 peiorem
590 2757 708 2831 liquitur
720 2766 809 2815 aetas.

119 2845 229 2919 quippe
241 2846 349 2902 etenim
358 2857 468 2920 quanto
478 2856 521 2904 est
531 2865 576 2904 res
586 2848 716 2921 amplior,
726 2847 861 2922 augmine
871 2846 1021 2921 adempte,

119 2943 149 2990 et
162 2951 223 3007 quo
237 2934 320 2993 latior
334 2946 386 3007 est,
401 2937 431 2994 in
446 2946 566 2994 cunctas
580 2937 710 3011 undique
724 2939 812 3012 partis

118 3024 200 3097 plura
214 3023 305 3082 modo
320 3025 458 3101 dispargit
472 3036 501 3084 et
515 3027 552 3084 ab
567 3044 598 3084 se
614 3045 737 3101 corpora
750 3028 846 3099 mittit,
959 3045 1019 3098 1135

118 3131 174 3170 nec
189 3114 272 3171 facile
287 3115 317 3172 in
331 3134 419 3174 venas
434 3117 515 3174 cibus
531 3117 625 3174 omnis
640 3116 749 3174 diditur
763 3117 791 3174 ei

117 3221 174 3260 nec
188 3205 256 3261 satis
271 3215 322 3274 est,
338 3223 479 3280 proquam
494 3207 587 3280 largos
604 3213 752 3264 exaestuat
766 3216 870 3277 aestuS,

117 3293 196 3351 unde
212 3305 300 3368 queat
314 3305 426 3353 tantum
442 3298 562 3354 suboriri
577 3315 611 3354 ac
627 3297 823 3371 subpeditare.

118 3384 217 3442 omnia
231 3384 320 3443 debet
335 3386 412 3442 enim
428 3387 509 3444 cibus
524 3388 666 3462 integrare
682 3387 821 3445 novando

118 3484 147 3531 et
160 3475 259 3533 fulcire
274 3477 365 3549 cibuS,
382 3477 463 3535 cibus
478 3478 576 3535 omnia
591 3488 758 3549 sustentare,
958 3497 1021 3546 1140
