2498 3894
130 219 193 282 186
466 230 698 284 Lucnurrus
960 228 1030 300 [vr.

127 391 242 449 efficere
256 408 349 466 usque
363 389 440 449 adeo
454 390 565 466 pellens
580 392 691 448 fervore
706 408 848 449 corusco:

126 491 209 540 tanto
223 482 358 540 mobilior
370 482 412 539 vis
427 490 457 539 et
471 480 668 539 dominantior
682 479 755 538 haec
769 490 822 539 est.

167 572 256 630 Nunc
269 591 305 629 ea
318 590 378 645 quo
392 580 480 647 pacto
494 572 645 646 gignantur
661 580 690 629 et
704 571 813 645 impete
828 579 909 629 tanto

126 662 197 719 fiant
212 673 243 720 ut
256 662 368 737 possint
383 662 442 719 ictu
457 660 620 719 discludere
636 669 726 732 turris,
982 682 1031 730 ²40

126 751 284 811 disturbare
300 751 413 824 domos
429 752 551 810 avellere
565 752 644 826 tigna
658 752 822 825 trabesque,

126 853 157 900 et
170 844 351 900 monimenta
364 844 456 900 virum
471 842 604 900 demoliri
618 853 705 914 atque
720 835 859 911 cremare,

126 933 289 990 exanimare
304 933 449 1004 homines,
463 931 593 1007 pecudes
609 942 790 1006 prosternere
804 931 921 1005 passim,

125 1032 223 1080 cetera
236 1023 274 1080 de
288 1041 394 1098 genere
409 1023 467 1080 hoc
481 1041 540 1098 qua
554 1023 582 1078 vi
596 1023 690 1079 lacere
706 1019 806 1078 omnia
819 1022 939 1095 possint,

126 1113 288 1187 expediam,
304 1131 400 1186 neque
415 1122 444 1171 te
460 1114 489 1171 ln
503 1112 649 1186 promissis
664 1112 747 1186 plura
760 1112 905 1169 morabor.
981 1131 1027 1183 245

166 1203 299 1260 Fulmina
312 1204 423 1278 gignier
437 1221 454 1260 e
469 1203 570 1260 crassis
585 1205 701 1276 alteque
717 1200 908 1276 putandumst

124 1294 250 1351 nubibus
264 1294 419 1366 extructis;
440 1311 509 1350 nam
524 1293 606 1349 caelo
620 1293 698 1350 nulla
711 1310 815 1350 sereno

124 1401 180 1440 nec
194 1384 293 1441 leviter
306 1383 404 1440 densis
419 1383 570 1440 mittuntur
584 1384 709 1441 nubibus
725 1399 871 1456 umquam.

123 1491 192 1530 nam
206 1472 297 1532 dubio
311 1473 413 1548 procul
427 1473 485 1529 hoc
499 1473 561 1530 fieri
576 1474 727 1530 manifesta
739 1471 829 1529 docet
842 1488 887 1528 res
900 1491 906 1540 ;

123 1563 206 1638 quotl
219 1573 279 1622 tum
294 1581 347 1638 per
360 1572 454 1620 totum
469 1573 661 1620 concrescunt
675 1562 742 1619 aira
755 1561 857 1629 nubes
979 1580 1027 1632 250

123 1653 252 1728 undique
267 1654 306 1710 uti
322 1654 456 1712 tenebras
470 1654 565 1712 omnis
579 1651 746 1708 Acherunta
759 1669 875 1709 reamur

122 1743 239 1816 liquisse
254 1752 282 1800 et
297 1762 416 1818 magnas
430 1743 501 1800 caeli
518 1740 680 1815 complesse
695 1759 852 1813 cavemas;

122 1832 306 1906 usqueadeo
322 1844 413 1890 taetra
428 1833 592 1890 nimborum
607 1840 696 1889 nocte
712 1843 813 1890 coorta

123 1921 285 1996 inpendent
299 1933 378 1980 atrae
392 1921 553 1980 formidinis
568 1940 619 1979 ora
633 1940 758 1996 superne

122 2031 191 2069 curn
206 2013 368 2070 commoliri
383 2022 539 2086 tempestas
555 2012 674 2069 fulmina
689 2022 815 2086 coeptat.
977 2030 1024 2084 ²55

121 2113 269 2177 praeterea
284 2119 423 2177 persaepe
439 2103 520 2176 niger
534 2120 652 2176 quoque
667 2120 720 2176 per
734 2120 813 2159 mare
828 2102 954 2169 nimbus

121 2201 153 2250 ut
168 2193 239 2267 picis
254 2211 270 2249 e
285 2194 366 2250 caelo
382 2191 539 2249 demissum
556 2193 673 2261 flumen,
689 2194 718 2250 in
734 2192 827 2250 undas

121 2283 163 2340 sic
178 2282 256 2339 cadit
270 2283 385 2340 effertus
401 2282 526 2339 tenebris
542 2283 642 2355 procul
658 2292 687 2339 et
701 2282 786 2340 trahit
801 2292 890 2339 atram

120 2372 287 2430 fulminibus
301 2372 448 2447 gravidam
465 2381 670 2446 tempestatem
684 2382 772 2446 atque
786 2373 929 2447 procellis

120 2462 233 2537 ignibus
248 2481 282 2519 ac
297 2463 390 2520 ventis
406 2482 473 2536 cum
489 2463 589 2536 primis
605 2463 666 2536 ipse
681 2463 817 2537 repletus,
975 2469 1025 2520 260

119 2553 150 2609 in
165 2562 239 2609 terra
253 2571 371 2627 quoque
387 2561 418 2609 ut
434 2553 603 2609 horrescant
616 2570 652 2608 ac
667 2562 744 2609 tecta
758 2552 911 2626 requirant.

119 2643 161 2700 sic
175 2642 259 2717 igitur
273 2661 377 2717 supera
390 2653 521 2700 nostrum
535 2652 624 2716 caput
638 2660 701 2699 esse
716 2642 905 2716 putandumst

118 2740 322 2806 tempestatem
337 2734 433 2789 altam.
449 2751 546 2807 neque
561 2733 640 2789 eninr
655 2733 777 2808 caligine
792 2742 871 2790 tanta

118 2823 274 2879 obruerent
288 2833 385 2893 terras,
401 2823 453 2880 nisi
469 2823 653 2880 inaedificata
666 2840 790 2898 superne

118 2912 209 2969 multa
221 2913 315 2969 forent
330 2913 424 2971 multis
439 2925 578 2988 exempto
593 2915 692 2971 nubila
706 2913 787 2984 sole3
976 2922 1022 2987 265

118 3021 175 3059 nec
190 3012 269 3061 tanto
283 3014 404 3078 possent
417 3005 568 3062 venientes
583 3005 747 3079 opprimere
762 3003 855 3074 imbri,

118 3092 236 3150 flumina
250 3093 397 3151 abundare
412 3104 444 3151 ut
458 3095 586 3152 facerent
600 3112 780 3168 camposque
796 3104 903 3165 natare,

46 3218 49 3225 ·
117 3183 140 3240 si
156 3201 215 3240 non
230 3185 366 3241 extructis
382 3185 454 3241 foret
469 3186 524 3242 alte
540 3186 664 3242 nubibus
680 3184 788 3242 aether.

117 3272 165 3330 hic
180 3273 265 3347 igitur
278 3275 371 3331 ventis
385 3285 472 3349 atque
488 3276 601 3348 ignibus
616 3275 715 3332 omnia
728 3275 815 3349 plena

117 3373 203 3435 sunt;
224 3362 292 3420 ideo
306 3365 412 3438 passim
427 3366 555 3423 fremitus
571 3375 600 3422 et
614 3365 724 3439 fulgura
740 3365 822 3422 fiunt.
974 3386 1024 3432 270

117 3454 226 3530 quippe
240 3455 350 3513 etenim
363 3473 450 3531 supra
464 3454 553 3513 docui
567 3457 711 3533 permulta
723 3455 838 3531 vaporis
