2498 3894
187 234 247 313 178
519 245 750 301 nuenarius
1036 245 1087 317 [v.

182 408 269 483 frigus
283 406 362 466 enim
376 405 473 466 nudos
486 407 549 466 sine
564 407 686 483 pellibus
696 406 882 494 excruciabat

182 498 338 573 terrigenas
348 518 358 571 ;
379 507 410 556 at
423 516 477 556 nos
491 499 532 555 nil
545 497 634 555 laedit
647 505 728 556 veste
742 516 840 555 carere

182 607 327 664 purpurea
340 596 428 663 atque
443 607 513 646 auro
529 588 675 663 signisque
691 589 855 663 ingentibus
870 597 948 663 apta,

182 678 254 736 dum
267 677 382 753 plebeia
395 687 494 735 tamen
509 679 545 736 sit
560 696 635 752 quae
650 677 810 736 defendere
824 680 924 753 possit.

182 787 251 845 ergo
265 769 418 826 hominum
433 786 525 842 genus
539 767 684 825 Incassum
699 767 861 843 frustraque
876 769 988 827 laborat
1025 787 1088 838 1430

182 877 298 934 semper
310 868 340 916 et
354 859 383 916 in
398 859 474 916 curis
489 859 636 915 consumit
650 858 784 917 inanibus
797 877 912 930 aevom,

180 949 316 1007 nimirum
331 949 400 1023 quia
413 966 475 1006 non
489 949 627 1023 cognovit
641 966 717 1022 quae
732 949 768 1006 sit
782 948 910 1007 habendi

180 1040 245 1096 finis
260 1049 289 1097 et
303 1039 425 1097 omnino
439 1037 539 1113 quoad
553 1048 666 1096 crescat
680 1057 748 1096 vera
761 1039 902 1114 voluptas.
992 1058 995 1064 ⁴

180 1128 270 1204 idque
284 1129 448 1186 minutatim
462 1129 551 1186 vitam
565 1129 698 1204 provexit
712 1129 742 1185 in
756 1129 845 1187 altum

180 1229 211 1278 et
224 1220 290 1279 belli
305 1238 427 1294 magnos
441 1220 601 1278 commovit
615 1218 745 1276 funditus
759 1229 864 1279 aestus.

219 1312 259 1368 At
271 1311 371 1384 vigiles
386 1309 488 1367 mundi
502 1328 642 1384 magnum
655 1310 788 1367 versatile
803 1310 946 1384 templum

179 1401 223 1458 sol
237 1409 267 1458 et
280 1401 349 1456 luna
363 1418 417 1458 suo
430 1400 584 1458 lustrantes
598 1400 707 1458 lumine
722 1400 833 1457 circum

179 1490 360 1565 perdocuere
375 1490 509 1548 homines
523 1508 668 1548 annorum
682 1500 816 1565 tempora
828 1488 901 1555 verti

179 1590 209 1638 et
223 1591 303 1638 certa
316 1581 427 1638 ratione
441 1580 501 1655 geri
515 1599 577 1637 rem
592 1590 680 1654 atque
695 1580 797 1639 ordine
813 1590 902 1638 certo.

220 1672 284 1728 Iam
298 1671 399 1728 validis
414 1671 507 1745 saepti
522 1670 669 1745 degebant
682 1671 805 1729 turribus
820 1688 925 1729 aevom

179 1770 209 1819 et
223 1760 314 1818 divisa
328 1761 479 1819 colebatur
492 1761 677 1835 discretaque
691 1762 784 1833 tellus,

180 1851 238 1909 iarn
254 1869 332 1908 mare
346 1851 474 1910 velivolis
489 1852 611 1910 florebat
624 1853 790 1926 puppibus;
811 1852 898 1910 urbes

179 1942 284 1999 auxilia
297 1960 332 1998 ac
348 1943 445 2000 socios
459 1941 518 1999 iam
532 1951 620 2016 pacto
635 1941 753 1999 foedere
768 1942 925 2013 habebant,

179 2032 354 2089 carminibus
369 2051 436 2089 cum
451 2050 497 2089 res
511 2042 607 2106 gestas
621 2051 747 2106 coepere
762 2042 868 2106 poetae

178 2122 311 2194 tradere;
333 2140 389 2179 nec
404 2123 495 2180 multo
511 2123 584 2196 priu'
600 2132 669 2179 sunt
683 2124 828 2180 elementa
841 2131 965 2197 reperta.

178 2223 334 2287 propterea
347 2211 419 2286 quid
434 2213 469 2270 sit
484 2213 563 2286 prius
577 2223 675 2269 actum
690 2214 834 2287 respicere
849 2223 928 2270 aetas

178 2313 277 2359 nostra
291 2303 400 2376 nequit,
415 2303 471 2360 nisi
486 2321 544 2377 qua
557 2304 630 2360 ratio
644 2304 764 2377 vestigia
778 2313 928 2361 monstrat.

220 2393 343 2467 Navigia
357 2403 444 2466 atque
459 2393 519 2467 agri
533 2393 658 2450 culturas
673 2393 791 2450 moenia
805 2393 883 2467 leges

179 2501 258 2539 arma
271 2483 331 2539 vias
345 2492 439 2539 vestes
455 2492 484 2539 et
499 2494 596 2540 cetera
610 2482 648 2540 de
663 2501 769 2558 genere
784 2483 898 2556 horum,

178 2576 315 2649 praemia,
331 2575 450 2633 delicias
465 2593 583 2649 quoque
596 2576 672 2632 vitae
687 2574 815 2633 funditus
829 2576 934 2646 omnis,

178 2666 306 2722 carmina
321 2666 456 2739 picturas
470 2675 501 2722 et
515 2664 638 2723 daedala
652 2666 734 2740 signa
748 2667 849 2740 polire,

178 2774 246 2812 usus
261 2765 290 2812 et
304 2756 443 2829 impigrae
458 2755 543 2812 simul
557 2756 736 2829 experientia
749 2756 856 2813 mentis

177 2845 316 2920 paulatim
331 2845 433 2902 docuit
446 2844 637 2919 pedetenrtim
652 2845 873 2920 progredientis

179 2936 220 2991 sic
234 2934 469 3009 unumquicquid
484 2936 622 3009 paulatim
636 2935 777 3008 protrahit
790 2945 869 2992 aetas

178 3025 208 3081 in
222 3025 352 3082 medium
367 3026 498 3098 ratioque
513 3025 542 3081 in
556 3025 672 3082 luminis
687 3025 769 3099 erigit
783 3043 857 3083 oras

179 3133 306 3189 namque
321 3114 379 3172 alid
393 3134 430 3171 ex
444 3115 500 3171 alio
515 3115 673 3171 clarescere
689 3123 719 3171 et
733 3113 835 3173 ordine
851 3113 941 3172 debet

179 3206 295 3277 artibuS,
311 3204 350 3263 ad
364 3223 510 3263 summum
525 3205 622 3263 donec
636 3222 743 3262 venere
757 3222 910 3262 cacumen.
