2498 3894
194 187 244 259 v.]
428 191 483 244 oa
510 192 657 246 Renum
685 191 857 245 NATURA
1037 196 1096 260 149

194 366 230 407 ex
244 349 357 409 infinito
372 362 439 410 sunt
453 371 578 427 corpora
590 352 672 427 plura
686 363 806 425 coorta3

193 439 262 498 inde
277 441 387 500 cadunt
400 443 473 500 vires
487 443 584 517 aliqua
596 443 708 501 ratione
722 444 857 514 revictae,

192 539 242 588 aut
256 543 380 605 pereunt
393 551 439 590 res
453 543 571 591 exustae
586 533 761 590 torrentibus
775 533 860 591 auris.
1047 556 1097 603 410

193 638 278 678 umor
291 621 359 679 item
375 622 525 696 quondam
540 624 640 697 coepit
654 641 788 695 superare
803 632 929 695 coortus,

192 718 225 768 ut
238 710 315 768 fama
329 721 381 784 est,
397 712 550 770 hominum
564 714 669 770 multas
684 712 803 787 quando
818 713 913 770 obruit
928 714 1016 773 urbis.

192 798 262 857 inde
276 801 325 858 ubi
339 802 381 859 vis
396 802 491 876 aliqua
505 803 616 859 ratione
630 821 730 859 aversa
743 804 870 876 recessit,

193 908 230 947 ex
245 891 357 949 infinito
372 892 463 949 fuerat
478 910 681 966 quaecumque
696 902 806 962 coorta,

192 982 384 1039 constiterunt
398 983 504 1040 imbres
519 993 547 1039 et
562 982 681 1039 flumina
694 983 752 1039 vim
768 983 943 1040 minuerunt.
1046 1002 1094 1056 4¹5

233 1071 290 1128 Sed
305 1072 410 1145 quibus
425 1072 471 1129 ille
486 1072 582 1130 modis
596 1073 748 1130 coniectus
763 1073 892 1130 materiai

191 1159 316 1218 fundarit
331 1171 435 1218 terram
450 1171 479 1218 et
493 1163 607 1219 caelum
621 1163 764 1236 pontique
778 1162 932 1237 profunda,

190 1249 258 1307 solis
273 1250 350 1308 lunai
364 1270 473 1321 cursus,
488 1269 525 1309 ex
539 1250 641 1309 ordine
656 1270 775 1326 ponam.

190 1357 258 1396 nam
273 1350 351 1397 certe
366 1359 463 1414 neque
478 1341 600 1399 consilio
615 1341 773 1415 primordia
786 1359 882 1398 rerum

189 1429 291 1487 ordine
306 1448 337 1488 se
352 1448 405 1488 suo
420 1449 554 1505 quaeque
569 1433 665 1505 sagaci
679 1441 777 1488 mente
792 1431 925 1488 locarunt
1044 1451 1093 1499 420

189 1536 245 1576 nec
260 1538 333 1594 quos
348 1538 482 1595 quaeque
497 1519 600 1578 darent
615 1521 863 1595 motuspepigere
878 1521 1020 1594 profect0,

188 1607 242 1666 sed
256 1609 324 1683 quia
336 1610 427 1668 multa
440 1610 536 1669 modis
550 1611 646 1668 multis
660 1610 818 1684 primordia
830 1628 926 1668 rerum

188 1714 231 1756 eir
239 1700 353 1758 infinito
366 1701 424 1757 iam
439 1711 571 1775 tempore
584 1701 696 1776 percita
709 1701 800 1775 plagis

187 1789 425 1864 ponderibusque
440 1791 499 1848 suis
513 1800 691 1848 consuerunt
705 1792 822 1848 concita
836 1790 904 1848 ferri

187 1879 426 1954 omnimodisque
441 1881 520 1939 coire
535 1891 623 1955 atque
638 1881 737 1938 omnia
751 1889 955 1955 pertemptare,
1043 1898 1090 1952 4²5

188 1987 392 2044 quaecumque
406 1971 482 2028 inter
495 1989 526 2028 se
541 1981 661 2045 possent
676 1989 833 2045 congressa
846 1988 955 2042 creare,

187 2070 343 2134 propterea
357 2061 389 2118 fit
403 2061 444 2118 uti
460 2079 598 2135 magnum
613 2061 727 2136 volgata
740 2079 794 2135 per
807 2079 911 2118 aevom

187 2167 276 2207 omne
290 2168 382 2225 genus
397 2161 497 2209 coetus
512 2160 542 2209 et
555 2161 652 2209 motus
666 2169 703 2208 ex
717 2149 861 2225 periundo

187 2239 308 2297 tandem
322 2241 498 2299 conveniant
513 2259 549 2298 ea
563 2259 638 2315 quae
654 2251 797 2298 convecta
811 2249 931 2315 repente

187 2347 357 2405 magnarum
372 2349 468 2388 rerum
482 2331 555 2388 fiunt
564 2331 690 2388 exordia
703 2348 801 2405 saepe,
1041 2350 1090 2400 430

186 2421 270 2477 terrai
285 2422 370 2478 maris
384 2432 414 2478 et
427 2422 500 2478 caeli
514 2422 686 2496 generisque
701 2421 890 2479 animantum.

227 2510 287 2567 Hic
302 2527 398 2591 neque
414 2521 476 2568 turn
491 2513 559 2575 solis
573 2522 637 2570 rota
650 2512 730 2568 cerni
744 2510 852 2567 lumine
866 2509 946 2585 largo

186 2597 336 2657 altivolans
350 2611 463 2674 poterat
477 2619 534 2658 nec
548 2601 646 2677 magni
660 2600 755 2658 sidera
768 2598 871 2657 mundi

186 2706 242 2747 nec
257 2707 336 2747 mare
351 2707 406 2746 nec
420 2691 535 2748 caelum
549 2710 606 2749 nec
621 2690 749 2764 denique
764 2699 837 2746 terra
850 2707 947 2764 neque
961 2690 1011 2749 aer

186 2795 242 2835 nec
258 2778 356 2836 similis
370 2780 474 2838 nostris
487 2782 574 2839 rebus
588 2799 634 2838 res
647 2781 705 2838 ulla
717 2778 818 2852 videri,
1040 2798 1087 2852 435

186 2866 239 2925 sed
252 2886 329 2926 nova
343 2878 500 2944 tempestas
515 2869 660 2945 quaedam
674 2871 825 2944 molesque
840 2878 941 2928 coorta

186 2975 274 3015 omne
288 2976 379 3033 genus
395 2959 432 3017 de
445 2960 603 3035 principiis,
618 2959 765 3018 discordia
778 2977 902 3035 quorum

186 3047 334 3106 intervalla
346 3049 406 3107 vias
420 3068 550 3108 conexus
564 3049 697 3125 pondera
710 3050 809 3125 plagas
882 3089 884 3094 .

187 3154 344 3196 concursus
362 3150 459 3197 motus
474 3140 607 3198 turbabat
620 3141 730 3215 proelia
744 3140 880 3212 miscens,

187 3237 306 3302 propter
319 3227 464 3287 dissimilis
479 3230 585 3288 formas
600 3231 749 3304 variasque
763 3229 868 3304 figuras
1037 3249 1087 3298 440

187 3312 268 3391 quod
282 3336 343 3376 non
357 3319 456 3378 omnia
469 3321 510 3378 sic
523 3329 658 3395 poterant
671 3321 828 3377 coniuncta
841 3336 958 3378 manere

187 3424 243 3465 nec
258 3418 355 3466 motus
369 3409 444 3467 inter
457 3428 520 3468 sese
535 3409 604 3468 dare
618 3409 827 3468 convenientis.
