2498 3894
130 216 189 264 102
460 213 692 268 LUCRETIUS
960 212 1026 282 [IV.

124 394 193 434 nam
208 393 260 432 cur
273 375 320 433 illa
334 375 441 434 cadant
454 376 545 450 magis
559 375 596 433 ab
610 375 754 449 rebusque
768 373 908 432 recedant
995 380 1027 446 65

124 485 213 542 quarn
227 483 302 540 quae
317 467 413 524 tenvia
427 477 503 536 sunt,
519 444 677 523 hiscendist
692 465 770 522 nulia
784 475 913 539 potestas
924 485 933 538 3

124 557 292 632 praesertim
307 575 375 613 eum
390 557 490 613 sintin
505 557 624 613 summis
639 573 762 630 corpora
774 555 861 612 rebus

124 647 215 704 multa
228 647 347 716 minuta,
362 645 417 701 iaci
432 663 507 719 quae
522 647 633 720 possint
647 645 749 703 ordine
764 644 871 703 eodem

124 754 183 810 quo
198 736 303 793 fuerint
318 745 348 794 et
361 735 463 792 formai
477 754 589 793 servare
603 736 733 810 figuram,

124 836 154 883 et
167 827 258 884 multo
274 826 367 896 citius
382 834 492 899 quanto
507 827 603 883 minus
618 824 785 899 indupediri
996 849 1028 894 70

123 933 219 990 pauca
231 927 343 990 queunt
357 925 386 972 et
400 933 475 990 quae
489 925 555 973 sunt
568 916 661 990 prima
674 916 767 973 fronte
781 916 885 974 locata.

124 1024 193 1063 nam
207 1015 286 1063 certe
301 1006 394 1062 iacere
409 1024 444 1063 ac
459 1006 552 1079 largiri
566 1006 657 1062 multa
670 1005 811 1080 videmus,

122 1114 185 1153 non
199 1096 293 1154 solum
307 1114 344 1153 ex
358 1095 416 1165 alto
430 1095 613 1170 penitusque,
628 1105 661 1152 ut
675 1095 800 1154 diximus
815 1106 891 1169 ante,

122 1204 222 1243 verum
237 1185 275 1243 de
291 1185 410 1243 summis
426 1186 521 1259 ipsum
536 1203 654 1260 quoque
669 1204 756 1260 saepe
772 1187 910 1246 colorem.

123 1283 152 1331 et
165 1274 251 1350 volgo
266 1275 374 1332 faciunt
388 1273 419 1332 id
433 1275 511 1331 lutea
524 1293 662 1349 russaque
676 1275 740 1333 vela
994 1295 1024 1349 75

122 1374 151 1423 et
165 1365 316 1440 ferrugine,
332 1383 401 1422 cum
415 1365 527 1440 magnis
542 1366 653 1423 intenta
666 1365 783 1424 theatris

121 1473 173 1529 per
186 1457 278 1514 malos
291 1456 406 1529 volgata
420 1456 575 1530 trabesque
589 1456 742 1513 trementia
755 1457 858 1515 flutant
870 1477 877 1528 ;

119 1563 247 1620 namque
263 1546 302 1604 ibi
316 1564 487 1604 consessum
500 1547 600 1604 caveai
614 1555 713 1621 supter
727 1556 756 1605 et
770 1566 891 1605 omnem

120 1636 236 1692 scaenai
250 1637 388 1710 speciem,
403 1647 517 1711 patrum
532 1646 708 1711 coetumque
723 1635 865 1696 decorum

120 1725 252 1782 inficiunt
267 1735 435 1801 coguntque
451 1745 503 1784 suo
518 1727 628 1785 fluitare
643 1728 750 1785 colore.
991 1736 1025 1787 80
1049 1802 1062 1810 ..

120 1824 149 1872 et
163 1826 272 1889 quanto
287 1817 396 1873 circum
410 1834 495 1891 mage
509 1827 576 1874 sunt
589 1818 701 1874 inclusa
714 1817 818 1876 theatri

119 1906 277 1976 moenibu'‚
293 1915 352 1962 tam
367 1907 458 1981 magis
473 1906 547 1964 haec
561 1908 637 1965 intus
652 1908 768 1983 perfusa
782 1909 883 1984 lepore

119 1996 219 2052 omnia
232 1995 385 2054 conrident
399 2006 532 2072 correpta
544 1997 610 2055 luce
625 1998 693 2057 diei.

119 2103 188 2160 ergo
202 2086 290 2143 lintea
304 2085 341 2143 de
357 2105 471 2144 summo
487 2106 554 2145 cum
569 2107 692 2164 corpore
707 2091 811 2148 fucum'

118 2177 244 2247 mittunt,
260 2176 368 2251 effigias
383 2196 502 2251 quoque
517 2177 627 2237 debent
641 2181 754 2237 mittere
769 2181 861 2239 tenvis
921 2217 943 2278 s
991 2189 1022 2252 85

118 2284 163 2323 res
179 2285 321 2341 quaeque,
337 2285 374 2324 ex
388 2286 503 2325 summo
518 2271 656 2342 quoniam
670 2271 831 2328 iaculantur
844 2281 974 2347 utraque.

119 2366 186 2414 sunt
199 2358 283 2431 igitur
297 2357 354 2414 iam
370 2358 526 2414 formarum
541 2360 661 2433 vestigia
674 2369 754 2417 certa

119 2464 193 2520 quae
208 2447 293 2522 volgo
307 2449 428 2506 volitant
442 2450 540 2523 suptili
554 2449 685 2524 praedita
699 2450 749 2508 filo

118 2555 175 2594 nec
189 2538 351 2612 singillatim
366 2548 489 2613 possunt
504 2550 616 2597 secreta
629 2539 730 2598 videri.

117 2637 248 2703 praterea
263 2628 358 2685 omnis
372 2629 448 2686 odor
461 2630 556 2686 fumus
571 2648 662 2704 vapor
675 2640 762 2705 atque
777 2631 850 2689 aliae
864 2649 910 2691 res
990 2653 1024 2705 90

118 2719 283 2776 consimiles
297 2717 366 2776 ideo
381 2718 502 2776 diffusae
517 2737 533 2776 e
548 2720 634 2778 rebus
648 2720 808 2792 abundant,

118 2808 225 2865 exalto
240 2809 309 2882 quia
323 2807 394 2866 dum
408 2809 529 2866 veniunt
543 2810 715 2868 intrinsecus
730 2821 821 2882 ortae,

118 2897 288 2955 scinduntur
301 2917 354 2973 per
368 2900 422 2956 iter
435 2899 552 2971 flexum,
566 2918 623 2956 nec
638 2910 718 2958 recta
731 2901 842 2960 viarum

117 2989 191 3044 ostia
204 2997 270 3045 sunt
285 3007 344 3063 qua
358 2987 538 3046 contendant
553 2991 631 3046 exire
646 3000 773 3049 coortae.

117 3085 147 3134 at
161 3087 261 3135 contra
275 3080 370 3136 tenuis
385 3080 491 3136 summi
506 3080 676 3137 membrana
691 3081 794 3139 coloris
990 3099 1022 3156 95

118 3186 184 3224 cum
200 3168 309 3239 iacitur,
323 3170 364 3226 nil
378 3179 421 3227 est
435 3169 517 3242 quod
531 3187 596 3226 eam
612 3170 776 3245 discerpere
790 3172 892 3246 possit,

117 3257 147 3314 in
161 3269 297 3332 promptu
312 3261 451 3333 quoniam
467 3268 510 3316 est
524 3260 554 3315 in
568 3261 661 3334 prima
675 3261 769 3318 fronte
783 3261 886 3320 locata.

116 3359 265 3422 postremo
280 3349 449 3424 speculis‚in
464 3349 771 3426 aqua,splendoreque
785 3350 816 3407 in
830 3352 911 3410 omni

117 3455 319 3514 quaecumque
334 3449 476 3514 apparent
490 3439 576 3498 nobis
590 3441 753 3515 simulacra,
768 3450 926 3516 necessest,

457 3712 490 3811 i
520 3736 542 3813 si
572 3714 579 3735 Ι
610 3766 638 3779 “’
