2498 3894
119 231 180 293 204
451 227 683 282 nuenarius
956 225 1023 298 [vr.

118 389 265 464 externplo
279 389 395 464 penitus
409 388 535 463 frigescit
547 396 623 448 terra
636 387 764 462 coitque.
974 396 1023 461 865

118 479 173 537 hac
188 480 297 537 ratione
312 480 345 536 fit
358 488 399 550 ut,
414 489 564 552 tamquam
578 496 746 552 compressa
761 496 848 536 manu
863 479 908 550 sit,

118 570 260 644 exprimat
275 570 303 626 in
318 570 429 626 sontem
444 586 520 644 quae
535 569 647 626 semina
661 587 787 643 cumque
802 569 892 627 habet
906 569 991 644 ignis,

118 678 193 735 quae
208 659 335 716 calidum
349 660 458 717 faciunt
472 662 565 734 aquae
579 668 689 716 tactum
704 670 791 734 atque
805 677 950 735 saporem.

117 752 186 809 inde
202 753 252 809 ubi
266 753 309 809 sol
323 751 409 810 radiis
423 761 528 808 terram
543 751 665 808 dimovit
679 753 799 810 obortus

118 852 147 899 et
161 842 293 899 raresecit
308 841 404 898 calido
418 842 558 916 gliscente
573 859 690 914 vapore,
974 849 1025 909 870
1042 901 1044 907 ,

116 950 212 989 rursus
227 932 257 988 in
270 932 403 1005 antiquas
416 931 540 988 redeunt
554 931 713 1005 primordia
727 931 813 990 sedes

118 1022 191 1096 ignis
206 1031 235 1079 et
249 1022 279 1079 in
293 1031 397 1079 terram
412 1021 491 1079 cedit
505 1022 585 1078 calor
598 1021 695 1079 omnis
708 1023 804 1096 aquai.

118 1111 237 1185 frigidus
251 1112 326 1169 hane
341 1114 453 1170 obrem
469 1112 501 1169 fit
516 1112 580 1168 fons
595 1111 625 1169 in
638 1111 704 1169 luce
719 1111 832 1170 diurna.

117 1213 268 1278 praeterea
281 1203 348 1259 solis
361 1202 447 1258 radiis
463 1202 584 1258 iactatur
598 1201 684 1275 aquai

118 1311 203 1350 umor
218 1301 247 1349 et
261 1293 291 1349 in
306 1292 400 1348 lucem
416 1292 539 1349 tremulo
554 1291 672 1349 rarescit
686 1291 723 1349 ab
738 1301 839 1364 aestu;
974 1301 1022 1366 875

118 1393 273 1459 propterea
286 1382 318 1439 fit
333 1383 373 1438 uti
388 1400 463 1456 quae
478 1383 590 1440 semina
604 1400 731 1456 cumque
747 1382 834 1441 habet
848 1384 921 1458 ignis

119 1472 263 1544 dimittat;
286 1472 367 1545 quasi
383 1490 471 1546 saepe
485 1473 592 1547 gelum,
608 1472 691 1548 quod
707 1473 839 1532 continet
853 1475 882 1531 in
896 1493 938 1546 se,

118 1563 205 1621 mittit
217 1571 246 1620 et
260 1563 367 1619 exolvit
381 1563 503 1636 glaciem
518 1562 673 1638 nodosque
687 1563 805 1621 relaxat.

159 1652 291 1727 Frigidus
306 1663 350 1710 est
364 1653 451 1709 etiam
466 1653 540 1724 fons,
555 1671 641 1727 supra
656 1671 744 1727 quem
759 1654 812 1710 situ
827 1671 914 1728 saepe

118 1753 224 1818 stuppa
238 1744 305 1800 iacit
319 1743 464 1799 flammam
480 1753 627 1817 concepto
641 1744 774 1818 protinus
790 1744 859 1817 igni,
973 1753 1023 1803 880

117 1833 263 1908 taedaque
278 1833 420 1890 consimili
437 1834 548 1889 ratione
563 1851 687 1889 accensa
701 1851 754 1907 per
768 1834 861 1892 undas

119 1925 264 1993 conlucet,
280 1941 468 1997 quocumque
483 1933 585 1979 natans
600 1923 755 1996 impellitur
769 1925 853 1983 auris,

118 2015 253 2072 nimirum
267 2014 336 2087 quia
350 2023 416 2070 sunt
431 2014 460 2071 in
475 2032 551 2086 aqua
565 2013 708 2087 permulta
721 2015 835 2087 vaporis

118 2105 229 2161 semina
243 2103 281 2160 de
296 2114 428 2177 terraque
443 2096 590 2160 necessest
605 2103 733 2160 funditus
748 2105 811 2179 ipsa

119 2195 191 2269 ignis
206 2213 330 2268 corpora
343 2213 396 2269 per
410 2205 503 2252 totum
518 2213 692 2268 consurgere
708 2195 817 2252 sontem
974 2205 1023 2271 885

119 2294 148 2342 et
162 2286 246 2342 simul
260 2287 404 2359 exspirare
419 2286 494 2342 foras
509 2287 645 2358 exireque
661 2286 690 2341 in
705 2304 797 2356 auras,

118 2394 178 2432 non
193 2377 232 2432 ita
246 2376 335 2432 multa
349 2386 456 2444 tamen,
472 2375 582 2432 calidus
597 2387 685 2448 queat
698 2387 731 2433 ut
744 2377 804 2434 fieri
820 2378 893 2449 four,

119 2476 274 2541 propterea
289 2466 419 2540 dispersa
434 2466 509 2522 soras
525 2483 677 2539 erumpere
692 2468 770 2541 cogit

118 2557 159 2613 vis
174 2575 226 2631 per
240 2575 345 2630 aquarn
360 2557 455 2613 subito
470 2574 641 2630 sursumque
657 2575 692 2614 ea
704 2557 862 2614 conciliari.

118 2645 199 2719 quod
213 2664 305 2720 genus
320 2645 398 2702 endo
413 2647 511 2702 marist
525 2647 613 2704 Aradi
629 2648 702 2720 fons,
718 2647 810 2704 dulcis
825 2647 910 2721 aquai
973 2655 1023 2719 890

119 2737 168 2809 qui
182 2736 266 2793 scatit
281 2745 310 2792 et
324 2736 411 2793 salsas
425 2737 535 2793 circum
550 2755 581 2794 se
596 2738 726 2795 dimovet
741 2736 854 2809 undas;

119 2835 148 2882 et
162 2826 257 2882 multis
272 2825 333 2882 aliis
348 2827 468 2900 praebet
481 2829 648 2901 regionibus
662 2845 773 2900 aequor

119 2916 268 2973 utilitatem
283 2926 478 2990 opportunam
493 2916 649 2974 sitientibu'
664 2917 769 2987 nautis,

119 3005 200 3080 quod
214 3005 307 3063 dulcis
322 3007 395 3064 inter
409 3008 495 3065 salsas
511 3007 675 3065 intervomit
690 3006 792 3064 undas.

118 3096 160 3153 sic
174 3096 258 3170 igitur
272 3115 325 3171 per
338 3116 407 3154 eum
421 3107 543 3172 possunt
558 3115 710 3171 erumpere
725 3098 836 3154 fontem
972 3105 1020 3171 895

119 3197 148 3244 et
162 3196 271 3244 scatere
287 3188 333 3245 illa
347 3189 432 3258 foras,
448 3189 476 3245 in
493 3199 628 3261 stuppam
643 3188 755 3244 semina
769 3205 844 3261 quae
859 3206 926 3244 cum

119 3278 296 3335 conveniunt
310 3289 359 3336 aut
373 3279 403 3336 in
417 3277 511 3335 taedai
526 3295 649 3351 corpore
663 3277 832 3346 adhaerent,

118 3368 274 3426 ardescunt
288 3369 372 3426 sacile
386 3368 543 3443 extemplo,
559 3369 628 3443 quia
641 3368 732 3424 multa
746 3384 864 3442 quoque
879 3367 907 3423 in
922 3385 954 3425 se

118 3458 231 3516 semina
243 3458 352 3517 habent
366 3458 439 3533 iguis
453 3468 576 3532 stuppae
591 3457 753 3532 taedaeque
768 3457 890 3515 latentis,
