2498 3894
124 259 186 323 134
462 256 693 311 nuenarius
956 253 1022 325 [iv.

120 429 150 478 et
164 429 245 478 tenet
258 406 386 478 adsuctis
400 429 552 478 umectans
566 419 666 478 oscula
680 416 774 477 labris.

119 528 189 568 narn
203 510 271 569 facit
285 529 322 568 ex
336 510 434 568 animo
449 528 536 585 saepe
551 519 581 567 et
595 511 763 567 communia
777 526 918 584 quaerens
962 527 1024 582 ¹195

119 601 227 675 gaudia
241 601 373 658 sollicitat
387 601 511 675 spatium
527 599 680 658 decurrere
695 600 810 658 amoris.

119 709 176 748 nec
190 692 302 749 ratione
316 692 371 748 alia
384 691 516 748 volucres
532 699 663 747 armenta
678 690 813 764 feraeque

120 791 150 839 et
163 781 294 856 pecudes
308 791 338 838 et
351 799 445 856 equae
460 781 587 838 maribus
601 780 750 839 subsidere
765 789 894 855 possent,

120 871 143 929 si
157 890 228 942 non,
243 872 306 946 ipsa
320 871 402 946 quod
416 871 530 929 illorum
545 872 629 929 subat
644 869 726 928 ardet
739 869 891 928 abundans

119 972 222 1018 natura
236 971 265 1018 et
278 962 424 1018 Venerem
439 962 592 1018 salientum
607 961 682 1018 laeta
695 970 837 1019 retractat.
962 980 1026 1017 1200

119 1070 219 1109 nonne
233 1052 315 1110 vides
330 1053 417 1109 etiam
432 1070 505 1126 quos
521 1061 622 1109 mutua
635 1069 724 1125 saepe
738 1050 870 1124 voluptas

118 1143 219 1213 vinxit,
234 1152 266 1200 ut
280 1143 310 1200 in
323 1143 424 1200 vinclis
440 1142 644 1200 communibus
660 1141 883 1198 excrucientur?

119 1233 149 1291 in
164 1233 250 1290 triviis
266 1251 456 1307 quamsaepe
473 1251 569 1304 canes,
585 1231 737 1290 discedere
752 1231 871 1301 aventis,

119 1322 225 1380 divorsi
240 1322 347 1398 cupide
363 1322 482 1380 summis
498 1340 535 1379 ex
548 1322 648 1380 viribu’
664 1321 799 1393 tendunt,

119 1431 210 1487 quom
225 1413 334 1470 interea
347 1412 448 1470 validis
462 1413 584 1470 Veneris
599 1412 790 1486 compagibus
804 1411 944 1469 haerent!
963 1427 1025 1482 1205

119 1502 201 1577 quod
216 1504 345 1561 facerent
358 1521 519 1576 numquam
534 1502 588 1560 nisi
602 1513 704 1560 mutua
717 1500 824 1576 gaudia
837 1509 958 1559 nossent

119 1611 194 1668 quae
210 1593 304 1651 iacere
320 1594 349 1650 in
365 1593 496 1650 fraudem
510 1603 631 1667 possent
644 1593 816 1666 vinctosque
830 1600 938 1648 tenere.

119 1701 208 1758 quare
223 1685 310 1740 etiarn
320 1693 408 1757 atque
420 1684 516 1756 etiam,
527 1693 558 1739 ut
569 1683 646 1753 dico,
659 1692 703 1740 est
714 1682 872 1740 communi’
882 1680 1026 1756 voluptas.

160 1775 199 1831 Et
213 1774 433 1832 commiscendo
448 1792 539 1847 quom
554 1773 664 1831 semine
680 1773 752 1830 sorte
767 1772 839 1829 virili

118 1863 226 1921 semina
239 1865 298 1920 vim
312 1865 380 1921 vicit
395 1864 490 1921 subita
503 1863 531 1921 vi
546 1863 752 1937 corripuitque,
964 1881 1027 1918 1210
1048 1870 1056 1881 ⁸

119 1962 180 2010 tum
195 1954 301 2011 similes
318 1964 441 2011 matrum
456 1963 588 2010 materno
605 1953 715 2010 semine
730 1954 812 2023 fiunt,

118 2053 151 2100 ut
165 2045 293 2118 patribus
308 2045 410 2118 patrio,
426 2044 478 2102 sed
494 2062 568 2117 quos
583 2043 732 2117 utriusque
746 2044 854 2116 figurae

119 2153 182 2191 esse
196 2134 286 2204 vides
304 2135 403 2191 iuxtim
419 2135 574 2191 miscentes
588 2134 667 2190 vulta
681 2143 843 2207 parentum,

119 2242 242 2298 corpore
257 2224 295 2281 de
309 2225 402 2298 patrio
417 2234 446 2281 et
460 2234 592 2280 materno
607 2225 747 2297 sanguine
762 2230 904 2292 crescunt,

119 2315 231 2372 semina
244 2333 312 2370 cum
327 2315 448 2371 Veneris
463 2314 584 2370 stimulis
599 2314 694 2370 excita
708 2332 760 2387 per
774 2323 850 2370 artus
961 2331 1023 2384 1215

119 2406 206 2462 obvia
220 2405 349 2462 conflixit
364 2405 534 2478 conspirans
549 2413 666 2461 mutuus
680 2403 775 2474 ardor,

119 2506 149 2552 et
162 2513 258 2569 neque
274 2505 369 2552 utrum
384 2495 530 2569 superavit
544 2513 646 2551 eorum
660 2512 716 2550 nec
732 2502 933 2567 superatumst.

118 2586 151 2643 fit
164 2603 283 2659 quoque
300 2596 330 2642 ut
344 2585 490 2642 interdum
505 2585 611 2642 similes
625 2584 747 2641 existere
762 2602 881 2641 avorum

118 2677 230 2751 possint
245 2686 274 2732 et
288 2676 411 2746 reserant
425 2694 600 2749 proavorum
616 2692 704 2748 saepe
720 2674 823 2749 figuras

118 2776 273 2840 propterea
287 2767 355 2839 quia
370 2767 459 2822 multa
475 2765 570 2822 modis
585 2764 743 2839 primordia
757 2764 852 2821 multis
963 2784 1028 2819 1220

119 2857 210 2912 mixta
224 2873 276 2912 suo
292 2856 387 2933 celant
401 2856 429 2912 in
445 2873 569 2929 corpore
585 2873 672 2928 saepe
687 2854 823 2928 parentis

119 2963 194 3019 quae
209 2946 337 3020 patribus
355 2956 450 3019 patres
464 2945 581 3002 tradunt
595 2946 632 3002 ab
647 2946 734 3019 stirpe
749 2944 900 3019 profecta3

121 3035 190 3092 inde
204 3036 305 3092 Venus
318 3036 397 3092 varia
411 3035 547 3110 producit
562 3045 638 3092 sorte
653 3034 758 3108 figuras

119 3125 320 3200 maiorumque
335 3125 420 3182 refert
434 3126 528 3183 voltus
542 3142 689 3198 vocesque
704 3141 871 3198 comasque.

120 3225 149 3272 et
163 3216 304 3273 muliebre
319 3216 407 3273 oritur
421 3217 515 3290 patrio
531 3215 568 3272 de
584 3215 695 3272 semine
710 3215 837 3272 saeclum
963 3234 1025 3280 1227

119 3305 193 3364 fiunt
207 3323 295 3379 quarn
310 3306 397 3362 facies
412 3315 441 3362 et
456 3324 579 3380 corpora
593 3306 783 3378 membraque
798 3304 891 3374 nobis,

119 3406 310 3470 maternoque
327 3414 418 3452 mares
433 3396 559 3453 existunt
574 3414 696 3470 corpore
711 3394 801 3466 ereti3

120 3485 361 3562 quandoquidem
376 3486 435 3543 nilo
450 3486 541 3560 magis
556 3486 629 3544 haec
644 3485 681 3542 de
697 3485 808 3544 semine
823 3493 904 3542 certo
962 3501 1027 3556 1225
