2498 3894
136 219 196 285 194
449 217 680 272 rucnarrns
773 172 776 176 ¹
965 217 1033 288 [vr.

129 377 183 436 sed
196 395 317 436 vemens
330 377 423 436 imber
436 378 478 451 fit,
492 379 542 437 ubi
556 387 707 437 vementer
720 386 842 452 utraque

128 469 227 527 nubila
240 469 268 526 vi
282 469 428 526 cumulata
441 479 611 544 premuntur
625 479 654 527 et
668 470 777 544 impete
790 468 878 527 venti.

128 569 215 633 atque
230 569 329 616 tenere
344 558 395 617 diu
409 560 524 634 pluviae
539 559 718 634 longumque
734 560 840 617 morari

127 659 314 720 consuerunt,
329 648 484 706 ubimulta
499 651 611 706 cientur
625 650 737 707 semina
751 668 891 724 aquarum
983 667 1033 720 520

127 749 214 814 atque
228 739 289 797 aliis
304 740 377 796 aliae
391 739 484 797 nubes
499 740 649 813 nimbique
664 740 790 813 rigantes

126 830 244 904 insuper
256 839 344 904 atque
360 830 440 887 omni
454 830 540 904 vulgo
555 830 593 887 de
607 838 688 904 parte
704 830 842 902 seruntur,

126 930 258 994 terraque
274 939 341 977 cum
357 920 471 977 sumans
485 938 618 977 umorem
633 929 694 977 tota
707 919 848 978 redhalat.

126 1009 173 1067 hic
188 1010 238 1067 ubi
252 1010 296 1067 sol
310 1009 396 1067 radiis
410 1019 616 1084 tempestatem
630 1010 705 1068 inter
718 1028 842 1085 opacam

126 1099 247 1157 adversa
260 1100 336 1157 fulsit
349 1100 516 1158 nimborum
530 1101 681 1176 aspargine
696 1111 806 1173 contra,
980 1118 1029 1173 525

125 1200 187 1250 tum
202 1191 284 1249 color
297 1192 328 1248 in
341 1191 428 1265 nigris
442 1191 538 1249 existit
551 1192 677 1250 nubibus
691 1192 782 1266 arqui.

166 1282 272 1340 Cetera
285 1299 361 1355 quae
376 1299 488 1339 sorsum
502 1291 637 1340 crescunt
651 1298 821 1356 sorsumque
836 1291 978 1355 creantur,

124 1381 154 1429 et
169 1389 243 1446 quae
258 1380 451 1429 concrescunt
466 1371 495 1428 in
508 1372 643 1443 nubibus,
658 1373 766 1442 omnia,
782 1389 914 1446 prorsum
951 1404 953 1408 ·

124 1462 232 1532 omnia,
247 1462 297 1518 nix
310 1462 388 1519 venti
402 1460 514 1536 grando
528 1461 701 1536 gelidaeque
716 1462 837 1536 pruinae

124 1559 154 1607 et
166 1551 208 1608 vis
223 1570 328 1625 magna
341 1552 406 1626 geli,
421 1569 560 1626 magnum
575 1551 716 1609 duramen
730 1570 880 1625 aquarum,
979 1568 1030 1622 530

124 1649 154 1697 et
168 1659 250 1697 mora
263 1659 338 1714 quae
354 1642 454 1700 fluvios
468 1641 576 1716 passim
590 1643 716 1698 refrenat
730 1643 834 1712 euntis,

122 1731 287 1805 perfacilest
300 1740 399 1789 tamen
414 1731 487 1789 haec
500 1731 627 1806 reperire
642 1732 800 1806 animoque
814 1730 914 1789 videre

123 1821 224 1878 omnia
237 1839 297 1895 quo
312 1831 399 1896 pacto
413 1821 485 1879 fiant
499 1839 625 1895 quareve
640 1832 786 1893 creentur,

123 1928 192 1968 cum
206 1911 282 1969 bene
296 1911 432 1987 cognoris
447 1912 598 1969 elementis
612 1911 728 1969 reddita
741 1930 818 1986 quae
832 1911 899 1970 sint.

164 2001 254 2059 Nunc
269 2020 322 2076 age
337 2020 413 2075 quae
428 2001 501 2059 ratio
515 2002 599 2058 terrai
615 2003 742 2059 motibus
758 2012 837 2058 extet
979 2021 1027 2072 535

122 2091 250 2165 percipe.
266 2101 295 2148 et
309 2093 339 2148 in
353 2092 452 2166 primis
467 2102 570 2149 terram
586 2091 632 2147 fac
646 2103 678 2148 ut
692 2110 755 2149 esse
769 2091 858 2148 rearis

122 2192 222 2256 supter
236 2181 304 2238 item
320 2193 352 2239 ut
366 2200 470 2256 supera
484 2182 612 2239 ventosis
626 2181 757 2256 undique
772 2182 891 2256 plenam

122 2272 268 2345 speluncis
283 2273 447 2345 multosque
462 2273 541 2329 lacus
557 2272 719 2345 multasque
734 2273 857 2329 lucunas

122 2362 152 2419 in
167 2363 278 2436 gremio
293 2381 392 2437 gerere
406 2372 436 2419 et
449 2380 536 2435 rupes
551 2363 732 2436 deruptaque
748 2381 817 2420 saxa
826 2382 836 2432 3

121 2453 272 2525 multaque
286 2453 340 2509 sub
355 2463 436 2527 tergo
451 2453 536 2509 terrai
550 2453 669 2509 flumina
684 2462 761 2509 tecta
978 2470 1028 2523 540

121 2543 237 2599 volvere
251 2542 279 2599 vi
294 2543 397 2600 fluctus
411 2561 628 2616 summersaque
644 2561 712 2599 saxa
726 2542 935 2617 putandumst;

121 2631 252 2706 undique
267 2634 345 2690 enim
360 2634 482 2690 similem
497 2651 560 2690 esse
575 2632 618 2690 sui
633 2651 678 2689 res
693 2634 819 2706 postulat
833 2635 904 2709 ipsa.

121 2722 165 2779 his
180 2723 265 2797 igitur
278 2725 363 2782 rebus
378 2723 537 2782 subiunctis
552 2724 768 2796 suppositisque

121 2821 196 2870 terra
210 2832 333 2888 superne
349 2815 444 2870 tremit
458 2814 569 2887 magnis
584 2831 728 2870 concussa
741 2813 839 2885 ruiniS,

122 2904 221 2962 subter
235 2904 284 2960 ubi
298 2904 422 2977 ingentis
438 2903 590 2977 speluncas
605 2903 715 2960 subruit
729 2913 827 2974 aetas;
976 2919 1024 2972 545

121 2993 231 3068 quippe
246 2993 355 3050 cadunt
370 2994 423 3050 toti
438 3003 552 3051 montes
568 3010 733 3067 magnoque
747 3002 868 3068 repente

121 3102 268 3142 concussu
283 3084 339 3140 late
354 3082 518 3157 disserpunt
533 3082 603 3140 inde
618 3093 766 3140 tremores.

120 3183 151 3231 et
165 3174 278 3246 merito,
294 3174 433 3247 quoniam
448 3174 566 3248 plaustri
580 3191 724 3230 concussa
738 3181 916 3230 tremescunt

118 3272 198 3322 tecta
211 3264 286 3322 viam
301 3273 421 3338 propter
434 3282 494 3321 non
509 3281 617 3338 magno
631 3262 763 3338 pondere
778 3272 848 3333 tota,

118 3372 175 3412 nec
189 3355 284 3412 minus
299 3355 436 3424 exultant,
451 3363 483 3411 ut
497 3373 617 3429 scrupus
632 3370 758 3426 cumque
772 3353 828 3410 viai
976 3371 989 3422 5
992 3372 1025 3424 50

118 3444 238 3504 ferratos
252 3444 396 3518 utrimque
410 3454 536 3502 rotarum
550 3444 674 3502 succutit
688 3444 781 3502 orbes.
