2498 3894
137 195 193 268 n]
375 197 429 250 na
456 198 603 251 RERUM
629 198 801 253 NATuRA

134 375 303 418 enumerare
317 366 396 417 aetas
410 358 590 416 animantum
604 376 665 417 non
680 369 769 434 queat
782 362 888 433 omnis,

132 450 234 525 visque
245 448 350 507 eadem
364 459 394 506 et
407 460 508 506 natura
522 459 621 507 manet
636 468 711 524 quae
726 452 839 509 semina
852 470 948 511 rerum

132 540 268 598 conicere
282 539 313 597 in
326 539 393 597 loca
406 556 540 613 quaeque
555 550 644 614 queat
657 540 741 598 simili
755 542 866 599 ratione

132 640 220 705 atque
234 629 293 688 huc
307 639 374 687 sunt
388 630 530 701 coniecta,
545 648 666 688 necesse
681 640 725 688 est
738 631 897 691 confiteare

132 738 195 779 esse
210 720 281 778 alios
295 720 357 777 aliis
371 730 510 777 terrarum
524 721 554 777 in
569 721 697 794 partibus
711 721 789 778 orbis
974 743 1034 795 ¹075

132 820 162 868 et
174 811 265 869 varias
279 810 431 869 hominum
446 811 538 885 gentis
553 820 583 867 et
596 811 692 868 saecla
706 811 838 870 serarum.

172 902 244 958 Huc
257 900 374 958 accedit
387 909 419 957 ut
433 901 462 957 in
477 919 591 958 summa
605 919 650 958 res
664 901 743 959 nulla
757 902 792 959 sit
806 921 874 974 una,

131 992 218 1048 unica
232 1008 307 1065 quae
321 991 454 1066 gignatur
467 1000 497 1048 et
510 991 598 1048 unica
612 992 730 1065 solaque
745 1002 866 1065 crescat,

131 1082 201 1155 quin
216 1081 353 1155 aliquoiu'
367 1081 422 1138 siet
435 1079 522 1138 saecli
536 1082 737 1155 permultaque
753 1082 861 1140 eodem

131 1171 188 1229 sint
201 1188 318 1246 genere.
339 1171 369 1227 in
383 1170 482 1245 primis
497 1171 677 1243 animalibus,
692 1172 800 1229 inclute
816 1173 949 1244 Memmi,
973 1180 1036 1230 1080

131 1261 260 1319 invenies
274 1261 315 1318 sic
330 1260 530 1335 montivagum
544 1278 636 1335 genus
651 1279 714 1319 esse
729 1261 861 1333 ferarum,

131 1351 173 1408 sic
187 1350 340 1409 hominum
354 1351 482 1425 genitam
495 1351 617 1426 prolem,
633 1351 674 1408 sic
691 1350 819 1426 denique
834 1363 929 1410 mutas

131 1441 346 1515 squamigerum
360 1440 490 1515 pecudes
505 1450 534 1498 et
548 1459 673 1515 corpora
687 1452 795 1498 cuncta
809 1443 968 1499 volantum.

132 1540 326 1606 quaepropter
339 1530 452 1588 caelum
467 1530 552 1590 simili
566 1532 677 1589 ratione
692 1530 872 1590 fatendumst

131 1630 294 1695 terramque
309 1628 339 1678 et
353 1621 444 1678 solem
458 1621 557 1678 lunam
571 1639 659 1692 mare,
675 1632 773 1679 cetera
787 1640 862 1696 quae
877 1633 952 1696 sunt,
971 1631 1032 1694 1085

130 1730 191 1770 non
205 1728 268 1769 esse
283 1711 379 1781 unica,
396 1710 449 1768 sed
463 1729 589 1769 numero
604 1712 695 1785 magis
709 1712 901 1786 innumerali3

132 1801 373 1877 quandoquidem
386 1801 461 1859 vitae
476 1800 618 1876 depactus
633 1803 772 1860 terminus
786 1803 842 1860 alte

131 1900 191 1949 tam
205 1901 304 1949 manet
317 1890 392 1948 haec
406 1900 509 1950 ettam
523 1891 620 1949 nativo
635 1909 757 1966 corpore
772 1903 916 1967 constant,

132 2000 220 2057 quam
228 1999 321 2056 genus
329 2000 417 2040 omne
427 1981 508 2056 quod
517 1981 564 2039 hic
575 1983 763 2056 generatimst
773 1984 859 2041 rebus
872 1984 1034 2042 abundans.

172 2071 256 2146 Quae
266 2071 344 2131 bene
358 2073 476 2146 cognita
490 2072 514 2129 si
527 2082 636 2144 teneas,
651 2080 752 2130 natura
765 2072 880 2130 videtur
972 2096 1034 2146 1090

131 2162 221 2221 libera
231 2163 373 2221 continuo
388 2161 514 2220 dominis
528 2163 637 2236 privata
652 2163 783 2237 superbis

131 2254 195 2328 ipsa
204 2272 256 2310 sua
268 2271 322 2328 per
335 2271 367 2310 se
381 2262 486 2326 sponte
501 2253 600 2310 omnia
613 2251 659 2310 dis
673 2270 758 2327 agere
774 2271 886 2327 expers,

130 2361 199 2400 narn
214 2361 268 2418 pro
282 2352 383 2400 sancta
396 2341 486 2399 deum
501 2342 652 2416 tranquilla
665 2352 785 2416 pectora
800 2361 874 2417 pace

131 2451 208 2509 quae
222 2431 370 2508 placidum
384 2431 495 2506 degunt
509 2450 613 2489 aevom
627 2433 775 2506 vitamque
790 2451 932 2503 serenam,

132 2524 196 2599 quis
206 2540 306 2598 regere
317 2522 452 2580 immensi
460 2541 613 2593 summam,
626 2523 690 2596 quis
701 2522 807 2580 habere
818 2523 955 2597 profundi
973 2542 1032 2595 ¹095

131 2613 203 2672 indu
217 2631 306 2672 manu
319 2611 428 2671 validas
442 2611 518 2686 potis
533 2622 577 2671 est
591 2612 777 2670 moderanter
793 2612 930 2685 habenas„

131 2705 196 2779 quis
211 2704 317 2778 pariter
331 2703 427 2761 'caelos
441 2703 537 2761 omnis
551 2712 721 2761 convertere
737 2711 766 2760 et
780 2704 875 2761 omnis

131 2795 247 2871 ignibus
261 2793 395 2852 aetheriis
408 2803 496 2852 terras
512 2792 607 2851 suffire
621 2793 733 2864 feracis,

132 2885 269 2944 omnibus
282 2884 348 2942 inve
362 2883 434 2942 locis
448 2902 512 2942 esse
527 2884 607 2941 omni
621 2893 753 2959 tempore
767 2892 893 2958 praesto,

131 2976 258 3034 nubibus
271 2985 304 3033 ut
317 2975 450 3033 tenebras
464 2975 550 3031 saciat
564 2974 694 3048 caelique
709 2992 812 3032 serena
972 2996 1034 3030 1100

132 3065 281 3124 concutiat
295 3065 400 3138 sonitu,
415 3074 477 3122 tum
490 3065 611 3122 fulmina
625 3065 719 3123 mittat
733 3074 763 3123 et
776 3063 857 3123 aedis

132 3174 221 3231 saepe
236 3174 302 3214 suas
316 3153 457 3213 disturbet
471 3164 500 3213 et
515 3156 545 3213 in
560 3155 675 3213 deserta
688 3154 831 3213 recedens

133 3247 240 3305 saeviat
254 3263 392 3304 exercens
407 3245 496 3303 telum
511 3243 593 3320 quod
606 3263 694 3320 saepe
709 3254 851 3305 nocentes

132 3337 268 3414 praeterit
282 3336 485 3411 exanimatque
500 3335 637 3412 indignos
652 3336 739 3410 inque
754 3336 920 3394 merentes?

173 3427 327 3504 Multaque
340 3437 407 3502 post
422 3426 523 3484 mundi
537 3437 653 3502 tempus
667 3426 791 3501 genitale
806 3425 945 3502 diemque
972 3445 1033 3497 1105

581 3533 593 3584 5
